@article{eurocontrol2011movements,
  title={Movements 2011-2017},
  author={EUROCONTROL, Flight Movements},
  journal={Medium-Term Forecast, European Organization for the Safety of Air Navigation, Brussels, Belgium},
  year={2011}
}

@ONLINE {eurocontrol2013,
    author = "Eurocontrol",
    title  = "Challenges of Growth 2013 Summary Report",
    year   = "2013",
    note = {Accessed on 23-11-2019},
    url    = "https://www.eurocontrol.int/sites/default/files/content/documents/official-documents/reports/201307-challenges-of-growth-summary-report.pdf"
}
}

@article{neji2013survey,
  title={Survey on the Future Aeronautical Communication System and its development for continental communications},
  author={Neji, Najett and De Lacerda, Raul and Azoulay, Alain and Letertre, Thierry and Outtier, Olivier},
  journal={IEEE Trans. Veh. Technol.},
  volume={62},
  number={1},
  pages={182--191},
  year={2013},
  publisher={IEEE}
}

@article{eurocontrol2007communications,
  title={Communications Operating concept and Requirements for the Future Radio System (COCR)},
  author={Eurocontrol, FAA},
  journal={Eurocontrol/FAA},
  year={2007}
}

@inproceedings{wichgers2013study,
  title={Study of long term candidates for air-to-air \& air-to-ground communications in the National Airspace System (NAS): A forward looking study to identify candidates for meeting the communication needs of the NAS during a 50 year modernization time horizon},
  author={Wichgers, Joel and Mitchell, Jim and Frank, Gunther and Heinrich, Rick},
  booktitle={Proc. IEEE Integr. Commun. Navigat. Surveillance Conf},
  pages={1--21},
  year={2013},
  organization={IEEE}
}

@ARTICLE {BarbaSesar2011,
  author = {Angeloluca Barba and Federica Battisti},
  title = {SESAR and SANDRA: A Co-Operative Approach for Future Aeronautical Communications},
  booktitle = {Future Aeronautical Communications},
  publisher = {IntechOpen},
  address = {Rijeka},
  year = {2011},
  editor = {Simon Plass},
  chapter = {1},
  doi = {10.5772/28975},
  note={Accessed on 23-11-2019},
  url = {https://doi.org/10.5772/28975}
}

@article{dai2015non,
  title={Non-orthogonal multiple access for 5G: solutions, challenges, opportunities, and future research trends},
  author={Dai, Linglong and Wang, Bichai and Yuan, Yifei and Han, Shuangfeng and Chih-Lin, I and Wang, Zhaocheng},
  journal={IEEE Communications Magazine},
  volume={53},
  number={9},
  pages={74--81},
  year={2015},
  publisher={IEEE}
}

@inproceedings{yao2014research,
  title={Research on spectrum assignment in electric cognitive radio networks},
  author={Yao, Jiming and Zhang, Hao and Liu, Shidong and Huang, Li and Zhu, Liang},
  booktitle={Power System Technology (POWERCON), 2014 International Conference on},
  pages={1723--1729},
  year={2014},
  organization={IEEE}
}

@article{min2011capacity,
  title={Capacity enhancement using an interference limited area for device-to-device uplink underlaying cellular networks},
  author={Min, Hyunkee and Lee, Jemin and Park, Sungsoo and Hong, Daesik},
  journal={IEEE Trans. Wireless Commun. },
  volume={10},
  number={12},
  pages={3995--4000},
  year={2011},
  publisher={IEEE}
}

@inproceedings{chen2004improving,
  title={Improving wireless link throughput via interleaved FEC},
  author={Chen, Ling-Jyh and Sun, Tony and Sanadidi, MY and Gerla, Mario},
  booktitle={Computers and Communications, 2004. Proceedings. ISCC 2004. Ninth International Symposium on},
  volume={1},
  pages={539--544},
  year={2004},
  organization={IEEE}
}

@inproceedings{jin2008adaptive,
  title={Adaptive random network coding in WiMAX},
  author={Jin, Jin and Li, Baochun},
  booktitle={2008 IEEE International Conference on Communications},
  pages={2576--2580},
  year={2008},
  organization={IEEE}
}

@inproceedings{younis2010generalised,
  title={Generalised spatial modulation},
  author={Younis, Abdelhamid and Serafimovski, Nikola and Mesleh, Raed and Haas, Harald},
  booktitle={2010 Conference Record of the Forty Fourth Asilomar Conference on Signals, Systems and Computers},
  pages={1498--1502},
  year={2010},
  organization={IEEE}
}

@inproceedings{kouhdaragh2013cognitive,
  title={Cognitive radio based smart grid networks},
  author={Kouhdaragh, Vahid and Tarchi, Daniele and Coralli, Alessandro Vanelli and Corazza, Giovanni E},
  booktitle={Digital Communications-Green ICT (TIWDC), 2013 24th Tyrrhenian International Workshop on},
  pages={1--6},
  year={2013},
  organization={IEEE}
}

@article{he2014cr,
  title={A CR spectrum allocation algorithm in smart grid wireless sensor network},
  author={He, Wei and Li, Ke and Zhou, Qiang and Li, Songnong},
  journal={Algorithms},
  volume={7},
  number={4},
  pages={510--522},
  year={2014},
  publisher={Multidisciplinary Digital Publishing Institute}
}

@inproceedings{zulhasnine2010efficient,
  title={Efficient resource allocation for device-to-device communication underlaying LTE network},
  author={Zulhasnine, Mohammad and Huang, Changcheng and Srinivasan, Anand},
  booktitle={2010 IEEE 6th International Conference on Wireless and Mobile Computing, Networking and Communications},
  pages={368--375},
  year={2010},
  organization={IEEE}
}

@ONLINE {AlcatelSrat,
    author = "Alcatel-Lucent",
    title  = "Strategic white paper: using airto-ground LTE for inflight ultra-broadband - opening the skies to unlimited possibilities.",
    url    = "https://www.alcatel-lucent.com/solutions/4g-lteairports-and-air-ground."
}

@article{budinger2011aeronautical,
  title={Aeronautical mobile airport communications system (AeroMACS)},
  author={Budinger, James M and Hall, Edward},
  year={2011}
}

@ONLINE {idaSpectrum,
    author = "Infocomm Development Authority of Singapore",
    title  = "Spectrum Rights Auctions \& Assignment - Policies and Regulations - Infocomm Development Authority of Singapore",
    url    = "https://www.ida.gov.sg/Policies-andRegulations/Industry-and-Licensees/Spectrum-Management/SpectrumRights-Auctions-and-Assignment."
}

@article{etkin2007spectrum,
  title={Spectrum sharing for unlicensed bands},
  author={Etkin, Raul and Parekh, Abhay and Tse, David},
  journal={IEEE Journal on selected areas in communications},
  volume={25},
  number={3},
  pages={517--528},
  year={2007},
  publisher={IEEE}
}

@article{akyildiz2008survey,
  title={A survey on spectrum management in cognitive radio networks},
  author={Akyildiz, Ian F and Lee, Won-Yeol and Vuran, Mehmet C and Mohanty, Shantidev},
  journal={IEEE Communications magazine},
  volume={46},
  number={4},
  pages={40--48},
  year={2008},
  publisher={IEEE}
}

@misc{fcc2003docket,
  title={Docket No 03-222 Notice of proposed rule making and order},
  author={FCC, ET},
  year={2003},
  publisher={December}
}

@article{masonta2013spectrum,
  title={Spectrum decision in cognitive radio networks: A survey},
  author={Masonta, Moshe Timothy and Mzyece, Mjumo and Ntlatlapa, Ntsibane},
  journal={IEEE Communications Surveys \& Tutorials},
  volume={15},
  number={3},
  pages={1088--1107},
  year={2013},
  publisher={IEEE}
}

@inproceedings{cabric2004implementation,
  title={Implementation issues in spectrum sensing for cognitive radios},
  author={Cabric, Danijela and Mishra, Shridhar Mubaraq and Brodersen, Robert W},
  booktitle={Signals, systems and computers, 2004. Conference record of the thirty-eighth Asilomar conference on},
  volume={1},
  pages={772--776},
  year={2004},
  organization={IEEE}
}

@article{tawk2014cognitive,
  title={Cognitive-radio and antenna functionalities: A tutorial [Wireless Corner]},
  author={Tawk, Y and Costantine, J and Christodoulou, CG},
  journal={IEEE Antennas and Propagation Magazine},
  volume={56},
  number={1},
  pages={231--243},
  year={2014},
  publisher={IEEE}
}

@article{li2014joint,
  title={Joint spatial and temporal spectrum sharing for demand response management in cognitive radio enabled smart grid},
  author={Li, Qian and Feng, Zhiyong and Li, Wei and Gulliver, T Aaron and Zhang, Ping},
  journal={IEEE Transactions on Smart Grid},
  volume={5},
  number={4},
  pages={1993--2001},
  year={2014},
  publisher={IEEE}
}

@article{simeone2008spectrum,
  title={Spectrum leasing to cooperating secondary ad hoc networks},
  author={Simeone, Osvaldo and Stanojev, Igor and Savazzi, Stefano and Bar-Ness, Yeheskel and Spagnolini, Umberto and Pickholtz, R},
  journal={IEEE Journal on Selected Areas in Communications},
  volume={26},
  number={1},
  pages={203--213},
  year={2008},
  publisher={IEEE}
}

@inproceedings{clancy2006spectrum,
  title={Spectrum shaping for interference management in cognitive radio networks},
  author={Clancy, T and Walker, B},
  booktitle={SDR Forum Technical Conference},
  year={2006}
}

@article{devroye2006achievable,
  title={Achievable rates in cognitive radio channels},
  author={Devroye, Natasha and Mitran, Patrick and Tarokh, Vahid},
  journal={IEEE Trans. Inf. Theory},
  volume={52},
  number={5},
  pages={1813--1827},
  year={2006}
}

@inproceedings{devroye2005cognitive,
  title={Cognitive multiple access networks},
  author={Devroye, Natasha and Mitran, Patrick and Tarokh, Vahid},
  booktitle={Proceedings. International Symposium on Information Theory, 2005. ISIT 2005.},
  pages={57--61},
  year={2005},
  organization={IEEE}
}

@article{devroye2006limits,
  title={Limits on communications in a cognitive radio channel},
  author={Devroye, Natasha and Mitran, Patrick and Tarokh, Vahid},
  journal={IEEE Communications Magazine},
  volume={44},
  number={6},
  pages={44--49},
  year={2006},
  publisher={IEEE}
}

@inproceedings{haddad2007spectral,
  title={Spectral efficiency of Cognitive Radio systems},
  author={Haddad, Majed and Hayar, Aawatif Menouni and Debbah, M{\'e}rouane},
  booktitle={IEEE GLOBECOM 2007-IEEE Global Telecommunications Conference},
  pages={4165--4169},
  year={2007},
  organization={IEEE}
}

@article{aijaz2015prma,
  title={PRMA-based Cognitive Machine-to-Machine Communications in smart grid Networks},
  author={Aijaz, Adnan and Aghvami, Abdol-Hamid},
  journal={IEEE Trans. Veh. Technol},
  volume={64},
  number={8},
  pages={3608--3623},
  year={2015},
  publisher={IEEE}
}

@article{kpojime2015interference,
  title={Interference mitigation in cognitive-radio-based femtocells},
  author={Kpojime, Harold O and Safdar, Ghazanfar A},
  journal={IEEE Communications Surveys \& Tutorials},
  volume={17},
  number={3},
  pages={1511--1534},
  year={2015},
  publisher={IEEE}
}

@article{khan2016cognitive,
  title={Cognitive radio for smart grids: Survey of architectures, spectrum sensing mechanisms, and networking protocols},
  author={Khan, Athar Ali and Rehmani, Mubashir Husain and Reisslein, Martin},
  journal={IEEE Communications Surveys \& Tutorials},
  volume={18},
  number={1},
  pages={860--898},
  year={2016},
  publisher={IEEE}
}

@article{deng2013sensing,
  title={Sensing-performance tradeoff in cognitive radio enabled smart grid},
  author={Deng, Ruilong and Chen, Jiming and Cao, Xianghui and Zhang, Yan and Maharjan, Sabita and Gjessing, Stein},
  journal={IEEE Transactions on Smart Grid},
  volume={4},
  number={1},
  pages={302--310},
  year={2013},
  publisher={IEEE}
}

@article{bicen2012spectrum,
  title={Spectrum-aware and cognitive sensor networks for smart grid applications},
  author={Bicen, A Ozan and Akan, Ozgur B and Gungor, V Cagri},
  journal={IEEE Communications Magazine},
  volume={50},
  number={5},
  pages={158--165},
  year={2012},
  publisher={IEEE}
}

@article{ranganathan2011cognitive,
  title={Cognitive radio for smart grid: Theory, algorithms, and security},
  author={Ranganathan, Raghuram and Qiu, Robert and Hu, Zhen and Hou, Shujie and Pazos-Revilla, Marbin and Zheng, Gang and Chen, Zhe and Guo, Nan},
  journal={International Journal of Digital Multimedia Broadcasting},
  volume={2011},
  year={2011},
  publisher={Hindawi Publishing Corporation}
}

@article{akyildiz2006next,
  title={NeXt generation/dynamic spectrum access/cognitive radio wireless networks: a survey},
  author={Akyildiz, Ian F and Lee, Won-Yeol and Vuran, Mehmet C and Mohanty, Shantidev},
  journal={Computer networks},
  volume={50},
  number={13},
  pages={2127--2159},
  year={2006},
  publisher={Elsevier}
}

@article{jacobcognitive,
  title={Cognitive Radio for Aeronautical Communications: A Survey},
  author={Jacob, Ponnu and Sirigina, Rajendra Prasad and Madhukumar, AS and Vinod, Prasad},
  publisher={IEEE}
}

@article{asadi2014survey,
  title={A survey on device-to-device communication in cellular networks},
  author={Asadi, Arash and Wang, Qing and Mancuso, Vincenzo},
  journal={IEEE Communications Surveys \& Tutorials},
  volume={16},
  number={4},
  pages={1801--1819},
  year={2014},
  publisher={IEEE}
}

@article{olwal2016survey,
  title={A survey of resource management towards 5G radio access networks},
  author={Olwal, Thomas O and Djouani, Karim and Kurien, Anish M},
  year={2016},
  publisher={IEEE}
}

@article{mach2015band,
  title={In-band device-to-device communication in OFDMA cellular networks: A survey and challenges},
  author={Mach, Pavel and Becvar, Zdenek and Vanek, Tomas},
  journal={IEEE Communications Surveys \& Tutorials},
  volume={17},
  number={4},
  pages={1885--1922},
  year={2015},
  publisher={IEEE}
}

@article{liu2014device,
  title={Device-to-device communication in LTE-advanced networks: a survey},
  author={Liu, Jiajia and Kato, Nei and Ma, Jianfeng and Kadowaki, Naoto},
  journal={IEEE Communications Surveys \& Tutorials},
  volume={17},
  number={4},
  pages={1923--1940},
  year={2014},
  publisher={IEEE}
}

@inproceedings{kaufman2008cellular,
  title={Cellular networks with an overlaid device to device network},
  author={Kaufman, Brett and Aazhang, Behnaam},
  booktitle={2008 42nd Asilomar Conference on Signals, Systems and Computers},
  pages={1537--1541},
  year={2008},
  organization={IEEE}
}

@inproceedings{chen2012downlink,
  title={Downlink resource allocation for device-to-device communication underlaying cellular networks},
  author={Chen, Xiaohang and Chen, Li and Zeng, Mengxian and Zhang, Xin and Yang, Dacheng},
  booktitle={2012 IEEE 23rd International Symposium on Personal, Indoor and Mobile Radio Communications-(PIMRC)},
  pages={232--237},
  year={2012},
  organization={IEEE}
}

@inproceedings{janis2009interference,
  title={Interference-aware resource allocation for device-to-device radio underlaying cellular networks},
  author={Janis, Pekka and Koivunen, Visa and Ribeiro, C{\'a}ssio and Korhonen, Juha and Doppler, Klaus and Hugl, Klaus},
  booktitle={Vehicular Technology Conference, 2009. VTC Spring 2009. IEEE 69th},
  pages={1--5},
  year={2009},
  organization={IEEE}
}

@inproceedings{xu2012resource,
  title={Resource allocation using a reverse iterative combinatorial auction for device-to-device underlay cellular networks},
  author={Xu, Chen and Song, Lingyang and Han, Zhu and Li, Dou and Jiao, Bingli},
  booktitle={Global Communications Conference (GLOBECOM), 2012 IEEE},
  pages={4542--4547},
  year={2012},
  organization={IEEE}
}

@article{pei2013resource,
  title={Resource allocation for device-to-device communications overlaying two-way cellular networks},
  author={Pei, Yiyang and Liang, Y.C},
  journal={IEEE Trans. Wireless Commun. },
  volume={12},
  number={7},
  pages={3611--3621},
  year={2013},
  publisher={IEEE}
}

@inproceedings{liu2012optimal,
  title={Optimal D2D user allocation over multi-bands under heterogeneous networks},
  author={Liu, Ziyang and Peng, Tao and Chen, Hao and Wang, Wenbo},
  booktitle={Global Communications Conference (GLOBECOM), 2012 IEEE},
  pages={1339--1344},
  year={2012},
  organization={IEEE}
}

@inproceedings{qiu2015joint,
  title={Joint resource allocation algorithm based on throughput maximization in D2D communication},
  author={Qiu, Yue and Wang, Yinghe and Tan, Chong and Zheng, Min and Yu, Kai},
  booktitle={2015 4th International Conference on Computer Science and Network Technology (ICCSNT)},
  volume={1},
  pages={1074--1078},
  year={2015},
  organization={IEEE}
}

@inproceedings{cai2015graph,
  title={A Graph-coloring based resource allocation algorithm for D2D communication in cellular networks},
  author={Cai, Xuejia and Zheng, Jun and Zhang, Yuan},
  booktitle={2015 IEEE International Conference on Communications (ICC)},
  pages={5429--5434},
  year={2015},
  organization={IEEE}
}

@inproceedings{xu2010effective,
  title={Effective interference cancellation scheme for device-to-device communication underlaying cellular networks},
  author={Xu, Shaoyi and Wang, Haiming and Chen, Tao and Huang, Qing and Peng, Tao},
  booktitle={Vehicular Technology Conference Fall (VTC 2010-Fall), 2010 IEEE 72nd},
  pages={1--5},
  year={2010},
  organization={IEEE}
}

@inproceedings{peng2009interference,
  title={Interference avoidance mechanisms in the hybrid cellular and device-to-device systems},
  author={Peng, Tao and Lu, Qianxi and Wang, Haiming and Xu, Shaoyi and Wang, Wenbo},
  booktitle={2009 IEEE 20th International Symposium on Personal, Indoor and Mobile Radio Communications},
  pages={617--621},
  year={2009},
  organization={IEEE}
}

@inproceedings{yu2009performance,
  title={On the performance of device-to-device underlay communication with simple power control},
  author={Yu, Chia-Hao and Tirkkonen, Olav and Doppler, Klaus and Ribeiro, C{\'a}ssio},
  booktitle={Vehicular Technology Conference, 2009. VTC Spring 2009. IEEE 69th},
  pages={1--5},
  year={2009},
  organization={IEEE}
}

@article{xu2014dynamic,
  title={Dynamic resource allocation for Device-to-Device communication underlaying cellular networks},
  author={Xu, Yanfang and Yin, Rui and Han, Tao and Yu, Guanding},
  journal={International Journal of Communication Systems},
  volume={27},
  number={10},
  pages={2408--2425},
  year={2014},
  publisher={Wiley Online Library}
}

@inproceedings{wang2013joint,
  title={Joint scheduling and resource allocation for device-to-device underlay communication},
  author={Wang, Feiran and Song, Lingyang and Han, Zhu and Zhao, Qun and Wang, Xiaoli},
  booktitle={2013 IEEE Wireless Communications and Networking Conference (WCNC)},
  pages={134--139},
  year={2013},
  organization={IEEE}
}

@article{min2011reliability,
  title={Reliability improvement using receive mode selection in the device-to-device uplink period underlaying cellular networks},
  author={Min, Hyunkee and Seo, Woohyun and Lee, Jemin and Park, Sungsoo and Hong, Daesik},
  journal={IEEE Trans. Wireless Commun. },
  volume={10},
  number={2},
  pages={413--418},
  year={2011},
  publisher={IEEE}
}

@inproceedings{yu2012device,
  title={Device-to-device underlay cellular network based on rate splitting},
  author={Yu, Chia-Hao and Tirkkonen, Olav},
  booktitle={2012 IEEE Wireless Communications and Networking Conference (WCNC)},
  pages={262--266},
  year={2012},
  organization={IEEE}
}

@article{lee2014recent,
  title={Recent advances in radio resource management for heterogeneous LTE/LTE-A networks},
  author={Lee, Ying Loong and Chuah, Teong Chee and Loo, Jonathan and Vinel, Alexey},
  journal={IEEE Communications Surveys \& Tutorials},
  volume={16},
  number={4},
  pages={2142--2180},
  year={2014},
  publisher={IEEE}
}

@inproceedings{de2010radio,
  title={A radio resource management scheduling algorithm for self-organizing femtocells},
  author={De Domenico, Antonio and Strinati, Emilio Calvanese},
  booktitle={Personal, Indoor and Mobile Radio Communications Workshops (PIMRC Workshops), 2010 IEEE 21st International Symposium on},
  pages={191--196},
  year={2010},
  organization={IEEE}
}

@inproceedings{yoon2011interference,
  title={Interference mitigation in heterogeneous cellular networks of macro and femto cells},
  author={Yoon, Seokhyun and Cho, Joonyoung},
  booktitle={ICTC 2011},
  pages={177--181},
  year={2011},
  organization={IEEE}
}

@inproceedings{begain2002performance,
  title={Performance analysis of GSM networks with intelligent underlay-overlay},
  author={Begain, Khalid and Rozsa, Gergo Istvan and Pfening, Andr{\'a}s and Telek, Mikl{\'o}s},
  booktitle={Computers and Communications, 2002. Proceedings. ISCC 2002. Seventh International Symposium on},
  pages={135--141},
  year={2002},
  organization={IEEE}
}

@inproceedings{hassan2009optimal,
  title={Optimal fractional frequency reuse (FFR) and resource allocation in multiuser OFDMA system},
  author={Hassan, Naveed UL and Assaad, Mohamad},
  booktitle={Information and Communication Technologies, 2009. ICICT'09. International Conference on},
  pages={88--92},
  year={2009},
  organization={IEEE}
}

@article{li2013optimal,
  title={Optimal fractional frequency reuse and power control in the heterogeneous wireless networks},
  author={Li, Qian Clara and Hu, Rose Qingyang and Xu, Yiran and Qian, Yi},
  journal={IEEE Trans. Wireless Commun. },
  volume={12},
  number={6},
  pages={2658--2668},
  year={2013},
  publisher={IEEE}
}

@inproceedings{giambene2015soft,
  title={Soft frequency reuse schemes for heterogeneous LTE systems},
  author={Giambene, Giovanni and Bourgeau, Thomas and Chaouchi, Hakima and others},
  booktitle={2015 IEEE International Conference on Communications (ICC)},
  pages={3161--3166},
  year={2015},
  organization={IEEE}
}

@inproceedings{li2011interference,
  title={Interference coordination based on hybrid resource allocation for overlaying LTE macrocell and femtocell},
  author={Li, Bo and Zhang, Yinghai and Cui, Gaofeng and Wang, Weidong and Duan, Jie and Chen, Wenqing},
  booktitle={2011 IEEE 22nd International Symposium on Personal, Indoor and Mobile Radio Communications},
  pages={167--171},
  year={2011},
  organization={IEEE}
}

@article{hossain2014evolution,
  title={Evolution toward 5G multi-tier cellular wireless networks: An interference management perspective},
  author={Hossain, Ekram and Rasti, Mehdi and Tabassum, Hina and Abdelnasser, Amr},
  journal={IEEE Wireless Communications},
  volume={21},
  number={3},
  pages={118--127},
  year={2014},
  publisher={IEEE}
}

@article{himayat2010interference,
  title={Interference management for 4g cellular standards [wimax/lte update]},
  author={Himayat, Nageen and Talwar, Shilpa and Rao, Anil and Soni, Robert},
  journal={IEEE Communications Magazine},
  volume={48},
  number={8},
  pages={86--92},
  year={2010},
  publisher={IEEE}
}

@article{xu2013decision,
  title={Decision-theoretic distributed channel selection for opportunistic spectrum access: strategies, challenges and solutions},
  author={Xu, Yuhua and Anpalagan, Alagan and Wu, Qihui and Shen, Liang and Gao, Zhan and Wang, Jinglong},
  journal={IEEE Communications Surveys \& Tutorials},
  volume={15},
  number={4},
  pages={1689--1713},
  year={2013},
  publisher={IEEE}
}

@article{haykin2005cognitive,
  title={Cognitive radio: brain-empowered wireless communications},
  author={Haykin, Simon},
  journal={IEEE journal on selected areas in communications},
  volume={23},
  number={2},
  pages={201--220},
  year={2005},
  publisher={IEEE}
}

@article{xu2012opportunistic,
  title={Opportunistic spectrum access in cognitive radio networks: Global optimization using local interaction games},
  author={Xu, Yuhua and Wang, Jinlong and Wu, Qihui and Anpalagan, Alagan and Yao, Yu-Dong},
  journal={IEEE Journal of Selected Topics in Signal Processing},
  volume={6},
  number={2},
  pages={180--194},
  year={2012},
  publisher={IEEE}
}

@article{saad2012coalitional,
  title={Coalitional games in partition form for joint spectrum sensing and access in cognitive radio networks},
  author={Saad, Walid and Han, Zhu and Zheng, Rong and Hjorungnes, Are and Basar, Tamer and Poor, H Vincent},
  journal={IEEE Journal of Selected Topics in Signal Processing},
  volume={6},
  number={2},
  pages={195--209},
  year={2012},
  publisher={IEEE}
}

@article{yin2011prediction,
  title={Prediction-based throughput optimization for dynamic spectrum access},
  author={Yin, Sixing and Chen, Dawei and Zhang, Qian and Li, Shufang},
  journal={IEEE Trans. Veh. Technol},
  volume={60},
  number={3},
  pages={1284--1289},
  year={2011},
  publisher={IEEE}
}

@article{zhao2008opportunistic,
  title={Opportunistic spectrum access via periodic channel sensing},
  author={Zhao, Qianchuan and Geirhofer, Stefan and Tong, Lang and Sadler, Brian M},
  journal={IEEE Transactions on Signal Processing},
  volume={56},
  number={2},
  pages={785--796},
  year={2008},
  publisher={IEEE}
}

@article{jia2008hc,
  title={HC-MAC: A hardware-constrained cognitive MAC for efficient spectrum management},
  author={Jia, Juncheng and Zhang, Qian and Shen, Xuemin Sherman},
  journal={IEEE journal on selected Areas in Communications},
  volume={26},
  number={1},
  pages={106--117},
  year={2008},
  publisher={IEEE}
}

@article{jiang2009optimal,
  title={Optimal selection of channel sensing order in cognitive radio},
  author={Jiang, Hai and Lai, Lifeng and Fan, Rongfei and Poor, H Vincent},
  journal={IEEE Trans. Wireless Commun. },
  volume={8},
  number={1},
  pages={297--307},
  year={2009},
  publisher={IEEE}
}

@inproceedings{anandkumar2010opportunistic,
  title={Opportunistic spectrum access with multiple users: learning under competition},
  author={Anandkumar, Animashree and Michael, Nithin and Tang, Ao},
  booktitle={INFOCOM, 2010 Proceedings IEEE},
  pages={1--9},
  year={2010},
  organization={IEEE}
}

@inproceedings{erpek2015optimal,
  title={An optimal application-aware resource block scheduling in LTE},
  author={Erpek, Tugba and Abdelhadi, Ahmed and Clancy, T Charles},
  booktitle={Computing, Networking and Communications (ICNC), 2015 International Conference on},
  pages={275--279},
  year={2015},
  organization={IEEE}
}

@article{proebster2012context,
  title={Context-aware resource allocation for cellular wireless networks},
  author={Proebster, Magnus and Kaschub, Matthias and Werthmann, Thomas and Valentin, Stefan},
  journal={EURASIP Journal on Wireless Communications and Networking},
  volume={2012},
  number={1},
  pages={1--19},
  year={2012},
  publisher={Springer}
}

@inproceedings{shajaiah2014multi,
  title={Multi-application resource allocation with users discrimination in cellular networks},
  author={Shajaiah, Haya and Abdelhadi, Ahmed and Clancy, Charles},
  booktitle={2014 IEEE 25th Annual International Symposium on Personal, Indoor, and Mobile Radio Communication (PIMRC)},
  pages={1163--1168},
  year={2014},
  organization={IEEE}
}

@article{zhang2013auction,
  title={Auction approaches for resource allocation in wireless systems: A survey},
  author={Zhang, Yang and Lee, Chonho and Niyato, Dusit and Wang, Ping},
  journal={IEEE Communications surveys \& tutorials},
  volume={15},
  number={3},
  pages={1020--1041},
  year={2013},
  publisher={IEEE}
}

@article{hasan2014distributed,
  title={Distributed Resource Allocation in 5G Cellular Networks},
  author={Hasan, Monowar and Hossain, Ekram},
  journal={arXiv preprint arXiv:1409.2475},
  year={2014}
}

@article{dramitinos2010auction,
  title={Auction-based bandwidth allocation mechanisms for wireless future internet},
  author={Dramitinos, Emmanouil and Lassous, Isabelle Gu{\'e}rin},
  journal={arXiv preprint arXiv:1001.5194},
  year={2010}
}

@inproceedings{saito2013non,
  title={Non-orthogonal multiple access (NOMA) for cellular future radio access},
  author={Saito, Yuya and Kishiyama, Yoshihisa and Benjebbour, Anass and Nakamura, Takehiro and Li, Anxin and Higuchi, Kenichi},
  booktitle={Vehicular Technology Conference (VTC Spring), 2013 IEEE 77th},
  pages={1--5},
  year={2013},
  organization={IEEE}
}

@inproceedings{higuchi2013non,
  title={Non-orthogonal access with random beamforming and intra-beam SIC for cellular MIMO downlink},
  author={Higuchi, Kenichi and Kishiyama, Yoshihisa},
  booktitle={Vehicular Technology Conference (VTC Fall), 2013 IEEE 78th},
  pages={1--5},
  year={2013},
  organization={IEEE}
}

@inproceedings{song2016comparison,
  title={Comparison of Interference Cancellation Schemes for Non-Orthogonal Multiple Access System},
  author={Song, Guanghui and Wang, Xianbin},
  booktitle={2016 IEEE 83rd Vehicular Technology Conference (VTC Spring)},
  pages={1--5},
  year={2016},
  organization={IEEE}
}

@article{hoshyar2008novel,
  title={Novel low-density signature for synchronous CDMA systems over AWGN channel},
  author={Hoshyar, Reza and Wathan, Ferry P and Tafazolli, Rahim},
  journal={IEEE Trans. Signal Process.},
  volume={56},
  number={4},
  pages={1616--1626},
  year={2008},
  publisher={IEEE}
}

@inproceedings{nikopour2013sparse,
  title={Sparse code multiple access},
  author={Nikopour, Hosein and Baligh, Hadi},
  booktitle={Proc. IEEE 24th Annu. Int. Symp. PIMRC},
  pages={332--336},
  year={London, UK, 2013},
  organization={IEEE}
}

@article{liu2015band,
  title={In-band full-duplex relaying: A survey, research issues and challenges},
  author={Liu, Gang and Yu, F Richard and Ji, Hong and Leung, Victor CM and Li, Xi},
  journal={IEEE Communications Surveys \& Tutorials},
  volume={17},
  number={2},
  pages={500--524},
  year={2015},
  publisher={IEEE}
}

@article{kim2015survey,
  title={A survey of in-band full-duplex transmission: From the perspective of PHY and MAC layers},
  author={Kim, Dongkyu and Lee, Haesoon and Hong, Daesik},
  journal={IEEE Commun. Surveys Tut.},
  volume={17},
  number={4},
  pages={2017--2046},
  year={2015},
  publisher={IEEE}
}

@article{sabharwal2014band,
  title={In-band full-duplex wireless: Challenges and opportunities},
  author={Sabharwal, Ashutosh and Schniter, Philip and Guo, Dongning and Bliss, Daniel W and Rangarajan, Sampath and Wichman, Risto},
  journal={IEEE J. Sel. Areas Commun.},
  volume={32},
  number={9},
  pages={1637--1652},
  year={2014},
  publisher={IEEE}
}

@article{tapio2013system,
  title={System scenarios and technical requirements for full-duplex concept},
  author={Tapio, Visa},
  journal={DUPLO Deliverable D},
  volume={1},
  year={2013}
}

@inproceedings{slingsby1995antenna,
  title={Antenna isolation measurements for on-frequency radio repeaters},
  author={Slingsby, WT and McGeehan, JP},
  booktitle={Antennas and Propagation, 1995., Ninth International Conference on (Conf. Publ. No. 407)},
  pages={239--243},
  year={1995},
  organization={IET}
}

@inproceedings{hamazumi2000study,
  title={A study of a loop interference canceller for the relay stations in an SFN for digital terrestrial broadcasting},
  author={Hamazumi, Hiroyuki and Imamura, Koichiro and Iai, Naohiko and Shibuya, Kazuhiko and Sasaki, Makoto},
  booktitle={Global Telecommunications Conference, 2000. GLOBECOM'00. IEEE},
  volume={1},
  pages={167--171},
  year={2000},
  organization={IEEE}
}

@article{bharadia2013full,
  title={Full duplex radios},
  author={Bharadia, Dinesh and McMilin, Emily and Katti, Sachin},
  journal={ACM SIGCOMM Computer Communication Review},
  volume={43},
  number={4},
  pages={375--386},
  year={2013},
  publisher={ACM}
}

@inproceedings{ju2008new,
  title={A new duplex without loss of data rate and utilizing selection diversity},
  author={Ju, Hyungsik and Lee, Sungeun and Kwak, Kyungchul and Oh, Eunsung and Hong, Daesik},
  booktitle={Vehicular Technology Conference, 2008. VTC Spring 2008. IEEE},
  pages={1519--1523},
  year={2008},
  organization={IEEE}
}

@article{ju2009improving,
  title={Improving efficiency of resource usage in two-hop full duplex relay systems based on resource sharing and interference cancellation},
  author={Ju, Hyungsik and Oh, Eunsung and Hong, Daesik},
  journal={IEEE Trans. Wireless Commun. },
  volume={8},
  number={8},
  pages={3933--3938},
  year={2009},
  publisher={IEEE}
}

@inproceedings{anderson2004antenna,
  title={Antenna isolation, wideband multipath propagation measurements, and interference mitigation for on-frequency repeaters},
  author={Anderson, Christopher R and Krishnamoorthy, Seshagiri and Ranson, Chris G and Lemon, Todd J and Newhall, William G and Kummetz, Thomas and Reed, Jeffery H},
  booktitle={SoutheastCon, 2004. Proceedings. IEEE},
  pages={110--114},
  year={2004},
  organization={IEEE}
}

@inproceedings{larsson2009mimo,
  title={MIMO On-Frequency Repeater with Self-Interference Cancellation and Mitigation.},
  author={Larsson, Peter and Prytz, Mikael},
  booktitle={VTC Spring},
  year={2009}
}

@inproceedings{suzuki1999booster,
  title={A booster configuration with adaptive reduction of transmitter-receiver antenna coupling for pager systems},
  author={Suzuki, Hiroshi and Itoh, Kazuhito and Ebine, Yoshio and Sato, Mitsuo},
  booktitle={Vehicular Technology Conference, 1999. VTC 1999-Fall. IEEE VTS 50th},
  volume={3},
  pages={1516--1520},
  year={1999},
  organization={IEEE}
}

@inproceedings{hua2010overview,
  title={An overview of beamforming and power allocation for MIMO relays},
  author={Hua, Yingbo},
  booktitle={MILITARY COMMUNICATIONS CONFERENCE, 2010-MILCOM 2010},
  pages={375--380},
  year={2010},
  organization={IEEE}
}

@inproceedings{persson2009design,
  title={Design and evaluation of a 2$\times$ 2 MIMO repeater},
  author={Persson, Patrik and Coldrey, Mikael and Wolfgang, Andreas and Bohlin, Patrik},
  booktitle={2009 3rd European Conference on Antennas and Propagation},
  pages={1509--1512},
  year={2009},
  organization={IEEE}
}

@inproceedings{haneda2010measurement,
  title={Measurement of loop-back interference channels for outdoor-to-indoor full-duplex radio relays},
  author={Haneda, Katsuyuki and Kahra, Eino and Wyne, Shurjeel and Icheln, Clemens and Vainikainen, Pertti},
  booktitle={Proceedings of the Fourth European Conference on Antennas and Propagation},
  pages={1--5},
  year={2010},
  organization={IEEE}
}

@inproceedings{yoo2009synchronization,
  title={A synchronization technique for frequency-domain feedback interference canceller in OFDM-based full duplex relays},
  author={Yoo, Hyun Il and Woo, Kyung Soo and Park, Chang Hwan and Kim, Jaekwon and Jung, Sungyoon and Cho, Yong Soo},
  booktitle={Vehicular Technology Conference Fall (VTC 2009-Fall), 2009 IEEE 70th},
  pages={1--5},
  year={2009},
  organization={IEEE}
}

@inproceedings{sung2011loop,
  title={Loop-interference suppression strategies using antenna selection in full-duplex MIMO relays},
  author={Sung, Yoondong and Ahn, Junil and Van Nguyen, Binh and Kim, Kiseon},
  booktitle={Intelligent Signal Processing and Communications Systems (ISPACS), 2011 International Symposium on},
  pages={1--4},
  year={2011},
  organization={IEEE}
}

@inproceedings{alves2013performance,
  title={On the performance of two-way half-duplex and one-way full-duplex relaying.},
  author={Alves, Hirley and da Costa, Daniel Benevides and Souza, Richard Demo and Latva-aho, Matti},
  booktitle={SPAWC},
  pages={56--60},
  year={2013}
}

@article{duarte2014design,
  title={Design and characterization of a full-duplex multiantenna system for WiFi networks},
  author={Duarte, Melissa and Sabharwal, Ashutosh and Aggarwal, Vaneet and Jana, Rittwik and Ramakrishnan, KK and Rice, Christopher W and Shankaranarayanan, NK},
  journal={IEEE Trans. Veh. Technol},
  volume={63},
  number={3},
  pages={1160--1177},
  year={2014},
  publisher={IEEE}
}

@inproceedings{duarte2010full,
  title={Full-duplex wireless communications using off-the-shelf radios: Feasibility and first results},
  author={Duarte, Melissa and Sabharwal, Ashutosh},
  booktitle={2010 Conference Record of the Forty Fourth Asilomar Conference on Signals, Systems and Computers},
  pages={1558--1562},
  year={2010},
  organization={IEEE}
}

@inproceedings{bliss2007simultaneous,
  title={Simultaneous transmission and reception for improved wireless network performance},
  author={Bliss, DW and Parker, PA and Margetts, AR},
  booktitle={2007 IEEE/SP 14th Workshop on Statistical Signal Processing},
  pages={478--482},
  year={2007},
  organization={IEEE}
}

@inproceedings{riihonen2009spatial,
  title={Spatial loop interference suppression in full-duplex MIMO relays},
  author={Riihonen, Taneli and Werner, Stefan and Wichman, Risto},
  booktitle={2009 Conference Record of the Forty-Third Asilomar Conference on Signals, Systems and Computers},
  pages={1508--1512},
  year={2009},
  organization={IEEE}
}

@article{everett2014passive,
  title={Passive self-interference suppression for full-duplex infrastructure nodes},
  author={Everett, Evan and Sahai, Achaleshwar and Sabharwal, Ashutosh},
  journal={IEEE Trans. Wireless Commun. },
  volume={13},
  number={2},
  pages={680--694},
  year={2014},
  publisher={IEEE}
}

@inproceedings{ahmed2012simultaneous,
  title={Simultaneous transmit and sense for cognitive radios using full-duplex: A first study},
  author={Ahmed, Elsayed and Eltawil, Ahmed and Sabharwal, Ashutosh},
  booktitle={Proceedings of the 2012 IEEE International Symposium on Antennas and Propagation},
  pages={1--2},
  year={2012},
  organization={IEEE}
}

@article{tsakalaki2014concurrent,
  title={Concurrent communication and sensing in cognitive radio devices: challenges and an enabling solution},
  author={Tsakalaki, Elpiniki and Alrabadi, Osama N and Tatomirescu, Alexandru and De Carvalho, Elisabeth and Pedersen, Gert F},
  journal={IEEE Transactions on Antennas and Propagation},
  volume={62},
  number={3},
  pages={1125--1137},
  year={2014},
  publisher={IEEE}
}

@article{heo2014simultaneous,
  title={Simultaneous sensing and transmission in cognitive radio},
  author={Heo, Jihaeng and Ju, Hyungsik and Park, Sungsoo and Kim, Eunsun and Hong, Daesik},
  journal={IEEE Trans. Wireless Commun. },
  volume={13},
  number={4},
  pages={1948--1959},
  year={2014},
  publisher={IEEE}
}

@inproceedings{jain2011practical,
  title={Practical, real-time, full duplex wireless},
  author={Jain, Mayank and Choi, Jung Il and Kim, Taemin and Bharadia, Dinesh and Seth, Siddharth and Srinivasan, Kannan and Levis, Philip and Katti, Sachin and Sinha, Prasun},
  booktitle={Proceedings of the 17th annual international conference on Mobile computing and networking},
  pages={301--312},
  year={2011},
  organization={ACM}
}

@inproceedings{afifi2013exploiting,
  title={Exploiting self-interference suppression for improved spectrum awareness/efficiency in cognitive radio systems},
  author={Afifi, Wessam and Krunz, Marwan},
  booktitle={INFOCOM, 2013 Proceedings IEEE},
  pages={1258--1266},
  year={2013},
  organization={IEEE}
}

@article{lu2014opportunistic,
  title={Opportunistic spectrum sharing based on full-duplex cooperative OFDM relaying},
  author={Lu, Weidang and Wang, Jing},
  journal={IEEE Commun. Lett},
  volume={18},
  number={2},
  pages={241--244},
  year={2014},
  publisher={IEEE}
}

@article{huberman2015mimo,
  title={MIMO full-duplex precoding: A joint beamforming and self-interference cancellation structure},
  author={Huberman, Sean and Le-Ngoc, Tho},
   journal={IEEE Trans. Wireless Commun. },
  volume={14},
  number={4},
  pages={2205--2217},
  year={2015},
  publisher={IEEE}
}

@article{everett2016softnull,
  title={SoftNull: Many-Antenna Full-Duplex Wireless via Digital Beamforming},
  author={Everett, Evan and Shepard, Clayton and Zhong, Lin and Sabharwal, Ashutosh},
  journal={IEEE Transactions on Wireless Communications},
  volume={15},
  number={12},
  pages={8077--8092},
  year={2016},
  publisher={IEEE}
}

@article{tzimpragos2014survey,
  title={A survey on FEC codes for 100 G and beyond optical networks},
  author={Tzimpragos, Georgios and Kachris, Christoforos and Djordjevic, Ivan B and Cvijetic, Milorad and Soudris, Dimitrios and Tomkos, Ioannis},
  journal={IEEE Communications Surveys \& Tutorials},
  volume={18},
  number={1},
  pages={209--221},
  year={2014},
  publisher={IEEE}
}

@article{chen2013survey,
  title={A survey and tutorial on low-complexity turbo coding techniques and a holistic hybrid ARQ design example},
  author={Chen, Hong and Maunder, Robert G and Hanzo, Lajos},
  journal={IEEE Communications Surveys \& Tutorials},
  volume={15},
  number={4},
  pages={1546--1566},
  year={2013},
  publisher={IEEE}
}

@book{rappaport2002wireless,
  title={Wireless communications: principles and practice},
  author={Rappaport, Theodore S},
  year={2002},
  publisher={Prentice Hall PTR New Jersey}
}

@INPROCEEDINGS {c.berroua.glavieuxp.thitimajshima1993,
    author    = "C. Berrou, A. Glavieux, P. Thitimajshima",
    title     = "Near Shannon limit error-correcting coding and decoding: Turbo-codes. 1",
    booktitle = "Proceedings of ICC '93 - IEEE International Conference on Communications.",
    year      = "1993"
}

@article{ahn2005adaptive,
  title={An adaptive FEC code control algorithm for mobile wireless sensor networks},
  author={Ahn, Jong-Suk and Hong, Seung-Wook and Heidemann, John},
  journal={Journal of Communications and Networks},
  volume={7},
  number={4},
  pages={489--498},
  year={2005},
  publisher={IEEE}
}

@article{liang2013near,
  title={Near-capacity turbo coded soft-decision aided DAPSK/star-QAM for amplify-and-forward based cooperative communications},
  author={Liang, Dandan and Ng, Soon Xin and Hanzo, Lajos},
  journal={IEEE Trans. Commun.},
  volume={61},
  number={3},
  pages={1080--1087},
  year={2013},
  publisher={IEEE}
}

@article{mesleh2010trellis,
  title={Trellis coded spatial modulation},
  author={Mesleh, Raed and Di Renzo, Marco and Haas, Harald and Grant, Peter M},
  journal={IEEE Trans. Wireless Commun. },
  volume={9},
  number={7},
  pages={2349--2361},
  year={2010},
  publisher={IEEE}
}

@article{basar2011new,
  title={New trellis code design for spatial modulation},
  author={Basar, Ertugrul and Aygolu, Umit and Panayirci, Erdal and Poor, H Vincent},
  journal={IEEE Trans. Wireless Commun. },
  volume={10},
  number={8},
  pages={2670--2680},
  year={2011},
  publisher={IEEE}
}

@article{zehavi19928,
  title={8-PSK trellis codes for a Rayleigh channel},
  author={Zehavi, Ephraim},
  journal={IEEE Transactions on Communications},
  volume={40},
  number={5},
  pages={873--884},
  year={1992},
  publisher={IEEE}
}

@article{li2002bit,
  title={Bit-interleaved coded modulation with iterative decoding and 8 PSK signaling},
  author={Li, Xiaodong and Chindapol, Aik and Ritcey, James A},
  journal={IEEE Transactions on communications},
  volume={50},
  number={8},
  pages={1250--1257},
  year={2002},
  publisher={IEEE}
}

@article{caire1998bit,
  title={Bit-interleaved coded modulation},
  author={Caire, Giuseppe and Taricco, Giorgio and Biglieri, Ezio},
  journal={IEEE transactions on information theory},
  volume={44},
  number={3},
  pages={927--946},
  year={1998},
  publisher={IEEE}
}

@article{zhan2017differential,
  title={A Differential Chaotic Bit-interleaved Coded Modulation System over Multipath Rayleigh Channels},
  author={Zhan, Jia and Wang, Lin and Katz, Marcos and Chen, Guanrong},
  journal={IEEE Transactions on Communications},
  year={2017},
  publisher={IEEE}
}

@article{abotabl2017broadcast,
  title={Broadcast Coded Modulation: Multilevel and Bit-Interleaved Construction},
  author={Abotabl, Ahmed Attia and Nosratinia, Aria},
  journal={IEEE Transactions on Communications},
  volume={65},
  number={3},
  pages={969--980},
  year={2017},
  publisher={IEEE}
}


@article{ahlswede2000network,
  title={Network information flow},
  author={Ahlswede, Rudolf and Cai, Ning and Li, S-YR and Yeung, Raymond W},
  journal={IEEE Trans. Inf. Theory},
  volume={46},
  number={4},
  pages={1204--1216},
  year={2000},
  publisher={IEEE}
}

@article{bassoli2013network,
  title={Network coding theory: A survey},
  author={Bassoli, Riccardo and Marques, Hugo and Rodriguez, Jonathan and Shum, Kenneth W and Tafazolli, Rahim},
  journal={IEEE Communications Surveys \& Tutorials},
  volume={15},
  number={4},
  pages={1950--1978},
  year={2013},
  publisher={ieee}
}

@article{magli2013network,
  title={Network coding meets multimedia: A review},
  author={Magli, Enrico and Wang, Mea and Frossard, Pascal and Markopoulou, Athina},
  journal={IEEE Transactions on Multimedia},
  volume={15},
  number={5},
  pages={1195--1212},
  year={2013},
  publisher={IEEE}
}

@inproceedings{wang2009survey,
  title={Survey of network coding and its benefits in energy saving over wireless sensor networks},
  author={Wang, Suyu and Gao, Xuejuan and Zhuo, Li},
  booktitle={Information, Communications and Signal Processing, 2009. ICICS 2009. 7th International Conference on},
  pages={1--5},
  year={2009},
  organization={IEEE}
}

@article{sundararajan2011network,
  title={Network coding meets TCP: Theory and implementation},
  author={Sundararajan, Jay Kumar and Shah, Devavrat and M{\'e}dard, Muriel and Jakubczak, Szymon and Mitzenmacher, Michael and Barros, Joao},
  journal={Proceedings of the IEEE},
  volume={99},
  number={3},
  pages={490--512},
  year={2011},
  publisher={IEEE}
}

@article{katti2008xors,
  title={XORs in the air: practical wireless network coding},
  author={Katti, Sachin and Rahul, Hariharan and Hu, Wenjun and Katabi, Dina and M{\'e}dard, Muriel and Crowcroft, Jon},
  journal={IEEE/ACM Transactions on Networking (ToN)},
  volume={16},
  number={3},
  pages={497--510},
  year={2008},
  publisher={IEEE Press}
}

@inproceedings{david2008network,
  title={Network coding for TCP throughput enhancement over a multi-hop wireless network},
  author={David, P Samuel and Kumar, Anurag},
  booktitle={Communication Systems Software and Middleware and Workshops, 2008. COMSWARE 2008. 3rd International Conference on},
  pages={224--233},
  year={2008},
  organization={IEEE}
}

@inproceedings{scalia2007piggycode,
  title={PiggyCode: a MAC layer network coding scheme to improve TCP performance over wireless networks},
  author={Scalia, Luca and Soldo, Fabio and Gerla, Mario},
  booktitle={IEEE GLOBECOM 2007-IEEE Global Telecommunications Conference},
  pages={3672--3677},
  year={2007},
  organization={IEEE}
}

@inproceedings{gomez2014tcp,
  title={TCP Acknowledgement Encapsulation in Coded Multi-hop Wireless Networks},
  author={G{\'o}mez, David and Aguero, Ramon and Garcia-Arranz, Marta and Ros, David},
  booktitle={2014 IEEE 79th Vehicular Technology Conference (VTC Spring)},
  pages={1--5},
  year={2014},
  organization={IEEE}
}

@article{ho2006random,
  title={A random linear network coding approach to multicast},
  author={Ho, Tracey and M{\'e}dard, Muriel and Koetter, Ralf and Karger, David R and Effros, Michelle and Shi, Jun and Leong, Ben},
  journal={IEEE Trans. Inf. Theory},
  volume={52},
  number={10},
  pages={4413--4430},
  year={2006},
  publisher={IEEE}
}

@article{tassi2015resource,
  title={Resource allocation strategies for network-coded video broadcasting services over lte-advanced},
  author={Tassi, Andrea and Khirallah, Chadi and Vukobratovi{\'c}, Dejan and Chiti, Francesco and Thompson, John S and Fantacci, Romano},
  journal={IEEE Trans. Veh. Technol},
  volume={64},
  number={5},
  pages={2186--2192},
  year={2015},
  publisher={IEEE}
}

@article{tassi2015resourceframe,
  title={Resource-allocation frameworks for network-coded layered multimedia multicast services},
  author={Tassi, Andrea and Chatzigeorgiou, Ioannis and Vukobratovi{\'c}, Dejan},
  journal={IEEE Journal on Selected Areas in Communications},
  volume={33},
  number={2},
  pages={141--155},
  year={2015},
  publisher={IEEE}
}

@inproceedings{dubois2005packet,
  title={Packet combining in sensor networks},
  author={Dubois-Ferri{\`e}re, Henri and Estrin, Deborah and Vetterli, Martin},
  booktitle={Proceedings of the 3rd international conference on Embedded networked sensor systems},
  pages={102--115},
  year={2005},
  organization={ACM}
}

@inproceedings{o2008practical,
  title={A practical implementation of an improved packet combining scheme for wireless sensor networks},
  author={O'Rourke, Damien and Brennan, Conor},
  booktitle={ICC Workshops-2008 IEEE International Conference on Communications Workshops},
  pages={332--336},
  year={2008},
  organization={IEEE}
}

@inproceedings{friedman2012efficient,
  title={Efficient and reliable multicast in multi-radio networks},
  author={Friedman, Roy and Kogan, Alex},
  booktitle={Reliable Distributed Systems (SRDS), 2012 IEEE 31st Symposium on},
  pages={321--330},
  year={2012},
  organization={IEEE}
}

@inproceedings{samra2003optimal,
  title={Optimal symbol mapping diversity for multiple packet transmissions},
  author={Samra, Harvind and Ding, Zhi and Hahn, Peter M},
  booktitle={Acoustics, Speech, and Signal Processing, 2003. Proceedings.(ICASSP'03). 2003 IEEE International Conference on},
  volume={4},
  pages={IV--181},
  year={2003},
  organization={IEEE}
}

@inproceedings{samra2003symbol,
  title={Symbol mapping diversity design for packet retransmissions through fading channels},
  author={Samra, Harvind and Ding, Zhi and Hahn, Peter M},
  booktitle={Global Telecommunications Conference, 2003. GLOBECOM'03. IEEE},
  volume={4},
  pages={1989--1993},
  year={2003},
  organization={IEEE}
}

@article{samra2006retransmission,
  title={Retransmission diversity schemes for multicarrier modulations},
  author={Samra, Harvind and Ding, Zhi},
  journal={IEEE Trans. Wireless Commun. },
  volume={5},
  number={5},
  pages={1142--1147},
  year={2006},
  publisher={IEEE}
}

@article{sugiura2012universal,
  title={A universal space-time architecture for multiple-antenna aided systems},
  author={Sugiura, Shinya and Chen, Sheng and Hanzo, Lajos},
  journal={IEEE Communications Surveys \& Tutorials},
  volume={14},
  number={2},
  pages={401--420},
  year={2012}
}

@inproceedings{haas2002increasing,
  title={Increasing spectral efficiency by data multiplexing using antenna arrays},
  author={Haas, Harald and Costa, Elena and Schulz, Egon},
  booktitle={Personal, Indoor and Mobile Radio Communications, 2002. The 13th IEEE International Symposium on},
  volume={2},
  pages={610--613},
  year={2002},
  organization={IEEE}
}

@article{alamouti1998simple,
  title={A simple transmit diversity technique for wireless communications},
  author={Alamouti, Siavash M},
  journal={IEEE Journal on selected areas in communications},
  volume={16},
  number={8},
  pages={1451--1458},
  year={1998},
  publisher={IEEE}
}

@article{foschini1996layered,
  title={Layered space-time architecture for wireless communication in a fading environment when using multi-element antennas},
  author={Foschini, Gerard J},
  journal={Bell labs technical journal},
  volume={1},
  number={2},
  pages={41--59},
  year={1996},
  publisher={Alcatel-Lucent}
}

@inproceedings{wolniansky1998,
  title={V-BLAST: An architecture for realizing very high data rates over the rich-scattering wireless channel},
  author={Wolniansky, Peter W and Foschini, Gerard J and Golden, GD and Valenzuela, Reinaldo A},
  booktitle={Signals, Systems, and Electronics, 1998. ISSSE 98. 1998 URSI International Symposium on},
  pages={295--300},
  year={1998},
  organization={IEEE}
}

@article{di2011spatial,
  title={Spatial modulation for multiple-antenna wireless systems: a survey},
  author={Di Renzo, Marco and Haas, Harald and Grant, Peter M},
  journal={IEEE Communications Magazine},
  volume={49},
  number={12},
  pages={182--191},
  year={2011},
  publisher={IEEE}
}

@article{wang2014cellular,
  title={Cellular architecture and key technologies for 5G wireless communication networks},
  author={Wang, Cheng-Xiang and Haider, Fourat and Gao, Xiqi and You, Xiao-Hu and Yang, Yang and Yuan, Dongfeng and Aggoune, Hadi M and Haas, Harald and Fletcher, Simon and Hepsaydir, Erol},
  journal={IEEE Communications Magazine},
  volume={52},
  number={2},
  pages={122--130},
  year={2014},
  publisher={IEEE}
}

@article{tarokh1998space,
  title={Space-time codes for high data rate wireless communication: Performance criterion and code construction},
  author={Tarokh, Vahid and Seshadri, Nambi and Calderbank, A Robert},
  journal={IEEE Trans. Inf. Theory},
  volume={44},
  number={2},
  pages={744--765},
  year={1998},
  publisher={IEEE}
}

@article{das2006novel,
  title={Novel full-diversity high-rate STBC for 2 and 4 transmit antennas},
  author={Das, Sushanta and Al-Dhahir, Naofal and Calderbank, Robert},
  journal={IEEE Commun. Lett},
  volume={10},
  number={3},
  pages={171--173},
  year={2006},
  publisher={IEEE}
}

@article{nguyen2008high,
  title={High-rate space-time block coding schemes},
  author={Nguyen, Duy HN and Nguyen, Ha H and Hoang, Tuan D},
  journal={IEICE Transactions on Fundamentals of Electronics, Communications and Computer Sciences},
  volume={91},
  number={11},
  pages={3393--3397},
  year={2008},
  publisher={The Institute of Electronics, Information and Communication Engineers}
}

@inproceedings{lindskog2000transmit,
  title={A transmit diversity scheme for channels with intersymbol interference},
  author={Lindskog, Erik and Paulraj, Arogyaswami},
  booktitle={Communications, 2000. ICC 2000. 2000 IEEE International Conference on},
  volume={1},
  pages={307--311},
  year={2000},
  organization={IEEE}
}

@inproceedings{wee2005successive,
  title={Successive interference cancellation for STBC-OFDM systems in a fast fading channel},
  author={Wee, Jung-Wook and Seo, Jeong-Wook and Lee, Kyung-Taek and Lee, Youn-Sung and Jeon, Won-Gi},
  booktitle={2005 IEEE 61st Vehicular Technology Conference},
  volume={2},
  pages={841--844},
  year={2005},
  organization={IEEE}
}

@article{patra2015joint,
  title={Joint Channel Estimation and CCI Cancellation for STBC-OFDM System in Time Varying Multipath Fading Channel},
  author={Patra, Jyoti P and Pradhan, Prasanta Kumar and Singh, Poonam and Patra, Sarat Kumar},
  journal={Journal of Microwaves, Optoelectronics and Electromagnetic Applications (JMOe)},
  volume={14},
  pages={228--239},
  year={2015}
}

@inproceedings{mesleh2006spatial,
  title={Spatial modulation-a new low complexity spectral efficiency enhancing technique},
  author={Mesleh, R and Haas, Harald and Ahn, Chang Wook and Yun, Sangboh},
  booktitle={2006 First International Conference on Communications and Networking in China},
  pages={1--5},
  year={2006},
  organization={IEEE}
}

@article{jeganathan2008spatial,
  title={Spatial modulation: optimal detection and performance analysis},
  author={Jeganathan, Jeyadeepan and Ghrayeb, Ali and Szczecinski, Leszek},
  journal={IEEE Commun. Lett},
  volume={12},
  number={8},
  pages={545--547},
  year={2008},
  publisher={IEEE}
}

@article{yang2015design,
  title={Design guidelines for spatial modulation},
  author={Yang, Ping and Di Renzo, Marco and Xiao, Yue and Li, Shaoqian and Hanzo, Lajos},
  journal={IEEE Communications Surveys \& Tutorials},
  volume={17},
  number={1},
  pages={6--26},
  year={2015},
  publisher={IEEE}
}

@article{yang2011adaptive,
  title={Adaptive spatial modulation for wireless MIMO transmission systems},
  author={Yang, Ping and Xiao, Yue and Yu, Yi and Li, Shaoqian},
  journal={IEEE Commun. Lett},
  volume={15},
  number={6},
  pages={602--604},
  year={2011},
  publisher={IEEE}
}

@article{mthethwa2012adaptive,
  title={Adaptive M-ary quadrature amplitude spatial modulation},
  author={Mthethwa, Bhekisizwe Mzimkhulu and Xu, Hongjun},
  journal={IET Communications},
  volume={6},
  number={18},
  pages={3098--3108},
  year={2012},
  publisher={IET}
}

@inproceedings{mesleh2012effect,
  title={On the effect of gaussian imperfect channel estimations on the performance of space modulation techniques},
  author={Mesleh, Raed and Ikki, Salama S},
  booktitle={Vehicular Technology Conference (VTC Spring), 2012 IEEE 75th},
  pages={1--5},
  year={2012},
  organization={IEEE}
}

@inproceedings{som2012spatial,
  title={Spatial modulation and space shift keying in single carrier communication},
  author={Som, Pritam and Chockalingam, Ananthanarayanan},
  booktitle={2012 IEEE 23rd International Symposium on Personal, Indoor and Mobile Radio Communications-(PIMRC)},
  pages={1962--1967},
  year={2012},
  organization={IEEE}
}

@article{rajashekar2013spatial,
  title={Spatial modulation aided zero-padded single carrier transmission for dispersive channels},
  author={Rajashekar, Rakshith and Hari, KVS and Hanzo, Lajos},
  journal={IEEE Trans. Commun.},
  volume={61},
  number={6},
  pages={2318--2329},
  year={2013},
  publisher={IEEE}
}

@inproceedings{chau2001space,
  title={Space modulation on wireless fading channels},
  author={Chau, Yawgeng A and Yu, Shi-Hong},
  booktitle={Vehicular Technology Conference, 2001. VTC 2001 Fall. IEEE VTS 54th},
  volume={3},
  pages={1668--1671},
  year={2001},
  organization={IEEE}
}

@article{jeganathan2009space,
  title={Space shift keying modulation for MIMO channels},
  author={Jeganathan, Jeyadeepan and Ghrayeb, Ali and Szczecinski, Leszek and Ceron, Andres},
  journal={IEEE Trans. Wireless Commun. },
  volume={8},
  number={7},
  pages={3692--3703},
  year={2009},
  publisher={IEEE}
}

@article{yang2008information,
  title={Information-guided channel-hopping for high data rate wireless communication},
  author={Yang, Yuli and Jiao, Bingli},
  journal={IEEE Commun. Lett},
  volume={12},
  number={4},
  pages={225--227},
  year={2008},
  publisher={IEEE}
}

@inproceedings{abu2009subcarrier,
  title={Subcarrier-index modulation OFDM},
  author={Abu-Alhiga, Rami and Haas, Harald},
  booktitle={2009 IEEE 20th International Symposium on Personal, Indoor and Mobile Radio Communications},
  pages={177--181},
  year={2009},
  organization={IEEE}
}

@article{mesleh2008spatial,
  title={Spatial modulation},
  author={Mesleh, Raed Y and Haas, Harald and Sinanovic, Sinan and Ahn, Chang Wook and Yun, Sangboh},
  journal={IEEE Trans. Veh. Technol},
  volume={57},
  number={4},
  pages={2228--2241},
  year={2008},
  publisher={IEEE}
}

@article{bacsar2013orthogonal,
  title={Orthogonal frequency division multiplexing with index modulation},
  author={Ba{\c{s}}ar, Ertu{\u{g}}rul and Ayg{\"o}l{\"u}, {\"U}mit and Panay{\i}rc{\i}, Erdal and Poor, H Vincent},
  journal={IEEE Transactions on Signal Processing},
  volume={61},
  number={22},
  pages={5536--5549},
  year={2013},
  publisher={IEEE}
}

@article{sugiura2010coherent,
  title={Coherent and differential space-time shift keying: A dispersion matrix approach},
  author={Sugiura, Shinya and Chen, Sheng and Hanzo, Lajos},
  journal={IEEE Trans. Commun.},
  volume={58},
  number={11},
  pages={3219--3230},
  year={2010},
  publisher={IEEE}
}

@article{ngo2011space,
  title={Space-time-frequency shift keying for dispersive channels},
  author={Ngo, Hoang Anh and Xu, Chao and Sugiura, Shinya and Hanzo, Lajos},
  journal={IEEE Signal Processing Letters},
  volume={18},
  number={3},
  pages={177--180},
  year={2011},
  publisher={IEEE}
}

@article{ngo2012area,
  title={Area spectral efficiency of soft-decision space--time--frequency shift-keying-aided slow-frequency-hopping multiple access},
  author={Ngo, Hoang Anh and Hanzo, Lajos},
  journal={IEEE Trans. Veh. Technol},
  volume={61},
  number={3},
  pages={1433--1439},
  year={2012},
  publisher={IEEE}
}

@article{basar2011space,
  title={Space-time block coded spatial modulation},
  author={Basar, Ertugrul and Aygolu, Umit and Panayirci, Erdal and Poor, H Vincent},
  journal={IEEE Trans. Commun.},
  volume={59},
  number={3},
  pages={823--832},
  year={2011},
  publisher={IEEE}
}

@inproceedings{di2011transmit,
  title={Transmit-diversity for spatial modulation (SM): Towards the design of high-rate spatially-modulated space-time block codes},
  author={Di Renzo, Marco and Haas, Harald},
  booktitle={2011 IEEE International Conference on Communications (ICC)},
  pages={1--6},
  year={2011},
  organization={IEEE}
}

@inproceedings{muramatsu2012space,
  title={A space-time block code with temporal and spatial modulation},
  author={Muramatsu, Tatsuya and Ochiai, Hideki and Ono, Fumie and Miura, Ryu},
  booktitle={Wireless Personal Multimedia Communications (WPMC), 2012 15th International Symposium on},
  pages={519--523},
  year={2012},
  organization={IEEE}
}

@article{basar2012super,
  title={Super-orthogonal trellis-coded spatial modulation},
  author={Basar, Ertugrul and Aygolu, U and Panayirci, Erdal and Poor, Harold Vincent},
  journal={IET Communications},
  volume={6},
  number={17},
  pages={2922--2932},
  year={2012},
  publisher={IET}
}

@inproceedings{fu2010generalised,
  title={Generalised spatial modulation with multiple active transmit antennas},
  author={Fu, Jinlin and Hou, Chunping and Xiang, Wei and Yan, Lei and Hou, Yonghong},
  booktitle={2010 IEEE Globecom Workshops},
  pages={839--844},
  year={2010},
  organization={IEEE}
}

@article{wang2012generalised,
  title={Generalised spatial modulation system with multiple active transmit antennas and low complexity detection scheme},
  author={Wang, Jintao and Jia, Shuyun and Song, Jian},
  journal={IEEE Trans. Wireless Commun. },
  volume={11},
  number={4},
  pages={1605--1615},
  year={2012},
  publisher={IEEE}
}

@inproceedings{datta2013generalized,
  title={On generalized spatial modulation},
  author={Datta, Tanumay and Chockalingam, Ananthanarayanan},
  booktitle={2013 IEEE Wireless Communications and Networking Conference (WCNC)},
  pages={2716--2721},
  year={2013},
  organization={IEEE}
}

@inproceedings{jeganathan2008generalized,
  title={Generalized space shift keying modulation for MIMO channels},
  author={Jeganathan, Jeyadeepan and Ghrayeb, Ali and Szczecinski, Leszek},
  booktitle={2008 IEEE 19th International Symposium on Personal, Indoor and Mobile Radio Communications},
  pages={1--5},
  year={2008},
  organization={IEEE}
}

@article{sugiura2011generalized,
  title={Generalized space-time shift keying designed for flexible diversity-, multiplexing-and complexity-tradeoffs},
  author={Sugiura, Shinya and Chen, Sheng and Hanzo, Lajos},
  journal={IEEE Trans. Wireless Commun. },
  volume={10},
  number={4},
  pages={1144--1153},
  year={2011},
  publisher={IEEE}
}

@article{pasupathy1979minimum,
  title={Minimum shift keying: A spectrally efficient modulation},
  author={Pasupathy, Subbarayan},
  journal={IEEE Communications Magazine},
  volume={17},
  number={4},
  pages={14--22},
  year={1979}
}

@article{svensson2007introduction,
  title={An introduction to adaptive QAM modulation schemes for known and predicted channels},
  author={Svensson, Arne},
  journal={Proceedings of the IEEE},
  volume={95},
  number={12},
  pages={2322--2336},
  year={2007},
  publisher={IEEE}
}

@inproceedings{borkar2012ber,
  title={BER performance of OFDM system with adaptive modulation},
  author={Borkar, Nita J and Bormane, Dattatray S},
  booktitle={Complex Systems (ICCS), 2012 International Conference on},
  pages={1--8},
  year={2012},
  organization={IEEE}
}

@article{jiang2005hierarchical,
  title={A hierarchical modulation for upgrading digital broadcast systems},
  author={Jiang, Hong and Wilford, Paul A},
  journal={IEEE Transactions on Broadcasting},
  volume={51},
  number={2},
  pages={223--229},
  year={2005},
  publisher={IEEE}
}

@inproceedings{bae2008research,
  title={Research on simple QPSK demodulation method in hierarchically modulated T-DMB system with DQPSK-QPSK},
  author={Bae, JaeHwui and Kim, YoungSu and Kim, Ju-yeon and Lim, JongSoo and Lee, Soo In and Han, Dong-Soeg},
  booktitle={2008 IEEE International Symposium on Broadband Multimedia Systems and Broadcasting},
  pages={1--5},
  year={2008},
  organization={IEEE}
}

@article{boutros1998signal,
  title={Signal space diversity: a power-and bandwidth-efficient diversity technique for the Rayleigh fading channel},
  author={Boutros, Joseph and Viterbo, Emanuele},
  journal={IEEE Trans. Inf. Theory},
  volume={44},
  number={4},
  pages={1453--1467},
  year={1998},
  publisher={IEEE}
}

@article{mohammed2012modulation,
  title={Modulation diversity in fading channels with a quantized receiver},
  author={Mohammed, Saif Khan and Viterbo, Emanuele and Hong, Yi and Chockalingam, Ananthanarayanan},
  journal={IEEE Transactions on Wireless Communications},
  volume={11},
  number={1},
  pages={316--327},
  year={2012},
  publisher={IEEE}
}

@article{lu2012bit,
  title={On bit error performance of full-rate signal space cooperative communication over Nakagami-m fading channels},
  author={Lu, Tao and Ge, Jianhua and Yang, Ye and Gao, Yang},
  journal={IEEE Communications Letters},
  volume={16},
  number={8},
  pages={1224--1227},
  year={2012},
  publisher={IEEE}
}

@article{amin2015performance,
  title={Performance analysis of multiple-relay cooperative systems with signal space diversity},
  author={Amin, Osama and Mesleh, Raed and Ikki, Salama S and Ahmed, Mohamed Hossam and Dobre, Octavia A},
  journal={IEEE Transactions on Vehicular Technology},
  volume={64},
  number={8},
  pages={3414--3425},
  year={2015},
  publisher={IEEE}
}

@article{sokun2017spectrally,
  title={A Spectrally Efficient Signal Space Diversity-Based Two-Way Relaying System},
  author={Sokun, Hamza and Ilter, Mehmet and Ikki, Salama and Yanikomeroglu, Halim},
  journal={IEEE Transactions on Vehicular Technology},
  year={2017},
  publisher={IEEE}
}

@article{liu1992rotative,
  title={Rotative quadrature phase-shift keying},
  author={Liu, J and Kim, J and Kwatra, SC and Stevens, GH},
  journal={Electronics letters},
  volume={28},
  number={12},
  pages={1095--1097},
  year={1992},
  publisher={Institution of Engineering and Technology}
}

@article{hong2015additional,
  title={Additional data transmission with rotated QPSK constellation},
  author={Hong, Sungwon and Kang, Eun Su and Han, Dong Seog},
  journal={Electronics Letters},
  volume={51},
  number={5},
  pages={394--395},
  year={2015},
  publisher={IET}
}

@inproceedings{tan2016quad,
  title={A Quad State-Paired QPSK Modulation for Higher Data Rate Communication},
  author={Ernest, Tan Zheng Hui and Krishna, Anoop Kumar},
  booktitle={2016 IEEE 83rd Vehicular Technology Conference (VTC Spring)},
  pages={1--5},
  year={2016},
  organization={IEEE}
}

@book{stacey2008aeronautical,
  title={Aeronautical radio communication systems and networks},
  author={Stacey, Dale},
  isbn = {9780470035108},
  year={UK, 2008},
  publisher={John Wiley \& Sons}
}

@inproceedings{chavez2007spectrum,
  title={Spectrum and Capacity Analysis for Air/Ground Air Traffic Management Communications},
  author={Chavez, Patricia G and Lamiano, Dean and Monticone, Leone and Morgenstern, Robert and Eckstein, Bruce},
  booktitle={Proc. IEEE Integr. Commun. Navigat. Surveillance Conf.},
  pages={1--8},
  year={2007},
  organization={IEEE}
}

@inproceedings{ribeiro2014framework,
  title={A framework for dimensioning VDL-2 air-ground networks},
  author={Ribeiro, Leila Z and Monticone, Leone C and Snow, Richard E and Box, Frank and Apaza, Rafael and Bretmersky, Steven},
  booktitle={Proc. IEEE Integr. Commun. Navigat. Surveillance Conf.},
  pages={Q3--1},
  year={2014},
  organization={IEEE}
}

@inproceedings{hung2000modeling,
  title={Modeling and Simulation of the VDL Mode 3 Subnetwork in the ATN Environment},
  author={Hung, Brian and Hong, Yoon},
  booktitle={Proc. IEEE/AIAA 19th Digit. Avionics Syst. Conf.},
  volume={2},
  pages={7A7--1},
  year={2000}
}

@inproceedings{hung2001enrouteModeling,
  title={Modeling and simulation of VDL Mode 3 subnetwork in the en route and terminal domains},
  author={Hung, B},
  booktitle={Proc. IEEE/AIAA 20th Digit. Avionics Syst. Conf.},
  volume={2},
  pages={7A3--1},
  year={2001},
}

@TECHREPORT {eurocontrol2010,
    author = "Eurocontrol",
    title  = "Assessment of VDL Mode 4 Frequency, Capacity and Performances",
    year   = "2010"
}

@inproceedings{bretmersky2002comparison,
  title={Comparison of VDL modes in the aeronautical telecommunications network},
  author={Bretmersky, Steven and Konangi, Vijay K and Kerczewski, Robert J},
  booktitle={Aerospace Conference Proceedings, 2002. IEEE},
  volume={3},
  pages={3--1183},
  year={2002},
  organization={IEEE}
}

@inproceedings{lamiano2009digital,
  title={Digital broadband VHF aeronautical communications for air traffic control},
  author={Lamiano, Dean F and Leung, Ka-Ho and Monticone, Leone C and Wilson, Warren J and Phillips, Brent},
  booktitle={Proc. IEEE Integr. Commun. Navigat. Surveillance Conf.},
  pages={1--12},
  year={2009},
  organization={IEEE}
}

@inproceedings{tu2008proposal,
  title={A proposal of a wide band for air traffic control communications},
  author={Tu, Ho Dac and Shimamoto, Shigeru and Kitaori, Jun},
  booktitle={2008 IEEE Wireless Communications and Networking Conference},
  pages={1950--1955},
  year={2008},
  organization={IEEE}
}

@article{nijsure2016adaptive,
  title={Adaptive Air-to-Ground Secure Communication System Based on ADS-B and Wide-Area Multilateration},
  author={Nijsure, Yogesh Anil and Kaddoum, Georges and Gagnon, Ghyslain and Gagnon, Francois and Yuen, Chau and Mahapatra, Rajarshi},
  journal={IEEE Trans. Veh. Technol},
  volume={65},
  number={5},
  pages={3150--3165},
  year={2016},
  publisher={IEEE}
}

@inproceedings{zhang2009capacity,
  title={Capacity evaluation with different access schemes for aeronautical communications},
  author={Zhang, Chao and Han, Han},
  booktitle={Proc. IEEE/AIAA 28th Digit. Avionics Syst. Conf.},
  pages={7--D},
  year={2009},
}

@inproceedings{bai2013primary,
  title={A primary rate guaranteed SDMA for aeronautical communications},
  author={Bai, Lin and Xie, Jindong and Guan, Wenyang and Yu, Quan},
  booktitle={Communications and Networking in China (CHINACOM), 2013 8th International ICST Conference on},
  pages={925--929},
  year={2013},
  organization={IEEE}
}

@inproceedings{franzen2012comparison,
  title={Comparison of coordinated and uncoordinated PHY/MAC schemes for beaconing},
  author={Franzen, Nico},
  booktitle={Proc. IEEE/AIAA 31th Digit. Avionics Syst. Conf.},
  pages={5D1--1},
  year={2012}
}

@inproceedings{kerczewski2013frequency,
  title={Frequency spectrum for integration of unmanned aircraft},
  author={Kerczewski, Robert J and Wilson, Jeffrey D and Bishop, William D},
  booktitle={Proc. IEEE/AIAA 32th Digit. Avionics Syst. Conf.},
  pages={6D5--1},
  year={2013}
}

@inproceedings{mulkerin2007Lband,
  title={L-Band Commercial Communications Service for Unmanned Aircraft Systems},
  author={Mulkerin, Thomas P},
  booktitle={Proc. IEEE Integr. Commun. Navigat. Surveillance Conf.},
  pages={1--8},
  year={2007},
  organization={IEEE}
}

@article{andre2014application,
  title={Application-driven design of aerial communication networks},
  author={Andre, Torsten and Hummel, Karin Anna and Schoellig, Angela P and Yanmaz, Evsen and Asadpour, Mahdi and Bettstetter, Christian and Grippa, Pasquale and Hellwagner, Hermann and Sand, Stephan and Zhang, Siwei},
  journal={IEEE Commun. Mag.},
  volume={52},
  number={5},
  pages={129--137},
  month={May},
  year={2014},
  publisher={IEEE}
}

@inproceedings{fistas2009future,
  title={Future Aeronautical Communication System-FCI},
  author={Fistas, Nikos},
  booktitle={Proc. IEEE Integr. Commun. Navigat. Surveillance Conf.},
  volume={13},
  year={2009},
}

@article{ieee2006LMAN,
  title={IEEE standard for local and metropolitan area networks},
  author={IEEE Computer Society, IEEE Microwave Theory and Techniques Society},
  year={2006}
}

@inproceedings{rokitansky2007bamc,
  title={B-AMC a system for future broadband aeronautical multi-carrier communications in the L-BAND},
  author={Rokitansky, C-H and Ehammer, Max and Schnell, M and Brandes, S and Gligorevic, S and Rihacek, C and Sajatovic, M},
  booktitle={Proc. IEEE/AIAA 26th Digit. Avionics Syst. Conf.},
  pages={4--D},
  year={2007}
}

@TECHREPORT {eurocontrol2007amacs,
    author = "Eurocontrol",
    title  = "Future Communications Infrastructure - Technology Investigations Description of AMACS",
    year   = "2007"
}

@inproceedings{deneufchatel2007all,
  title={All-purpose Multi-channel Aviation Communication System (AMACS)},
  author={Deneufchatel, L and Johnsson, L},
  booktitle={AGC FG/4 meeting},
  volume={13},
  year={2007}
}

@book{fistas2011future,
  title={Future Aeronautical Communications: The Data Link Component},
  author={Fistas, Nikos},
  year={2011},
  publisher={INTECH Open Access Publisher}
}

@article{budinger2005technology,
  title={Technology Assessment for the Future Aeronautical Communications System},
  author={Budinger, James M},
  year={2005}
}

@inproceedings{jain2011analysis,
  title={Analysis of L-band digital aeronautical communication systems: L-DACS1 and l-DACS2},
  author={Jain, Raj and Templin, Fred and Yin, Kwong-Sang},
  booktitle={Aerospace Conference, 2011 IEEE},
  pages={1--10},
  year={2011},
  organization={IEEE}
}

@inproceedings{brandes2009physical,
  title={Physical layer specification of the L-band Digital Aeronautical Communications System (L-DACS1)},
  author={Brandes, Sinja and Epple, Ulrich and Gligorevic, Snjezana and Schnell, Michael and Haindl, Bernhard and Sajatovic, Miodrag},
  booktitle={Proc. IEEE Integr. Commun. Navigat. Surveillance Conf.},
  pages={1--12},
  year={2009},
  organization={IEEE}
}

@phdthesis{abdulkarim2013comparison,
  title={Comparison of proposals for the future aeronautical communication system LDACS},
  author={Abdulkarim, Haider},
  year={2013},
  school={Ilmenau, Techn. Univ., Masterarbeit, 2012}
}

@inproceedings{graupl2015method,
  title={Method to emulate the L-band digital aeronautical communication system for SESAR evaluation and verification},
  author={Graupl, Thomas and Mayr, Martin},
  booktitle={Proc. IEEE/AIAA 34th Digit. Avionics Syst. Conf.},
  pages={2D1--1},
  year={2015}
}

@article{epple2014overview,
  title={Overview of legacy systems in L-band and its influence on the future aeronautical communication system LDACS1},
  author={Epple, Ulrich and Schnell, Michael},
  journal={IEEE Aerospace and Electronic Systems Magazine},
  volume={29},
  number={2},
  pages={31--37},
  year={2014},
  publisher={IEEE}
}

@MISC {bhaindl2013overview,
    author = "B Haindl",
    title  = "LDACS1 - Overview and Current Status",
    year   = "2013"
}

@MISC {mschnell2014current,
    author = "M Schnell",
    title  = "Current Status of LDACS Development",
    year   = "2014"
}

@inproceedings{schnell2011using,
  title={Using the future L-band communication system for navigation},
  author={Schnell, Michael and Epple, Ulrich and Hoffmann, Felix},
  booktitle={Proc. IEEE Integr. Commun. Navigat. Surveillance Conf.},
  pages={J1--1},
  year={2011},
  organization={IEEE}
}

@inproceedings{matolak2015unmanned,
  title={Unmanned aerial vehicles: Communications challenges and future aerial networking},
  author={Matolak, David W},
  booktitle={Computing, Networking and Communications (ICNC), 2015 International Conference on},
  pages={567--572},
  year={2015},
  organization={IEEE}
}

@article{schnell2014ldacs,
  title={LDACS: Future aeronautical communications for air-traffic management},
  author={Schnell, Michael and Epple, Ulrich and Shutin, Dmitriy and Schneckenburger, Nicolas},
  journal={IEEE Communications Magazine},
  volume={52},
  number={5},
  pages={104--110},
  year={2014},
  publisher={IEEE}
}

@article{haas2002aeronautical,
  title={Aeronautical channel modeling},
  author={Haas, Erik},
  journal={IEEE Trans. Veh. Technol},
  volume={51},
  number={2},
  pages={254--264},
  year={2002},
  publisher={IEEE}
}

@article{gheorghisor2014aeromacs,
  title={AeroMACS Implementation Analyses},
  author={Gheorghisor, Izabela and Leu, Alexe and Bodie, Steven and Wilson, Warren and Box, Frank},
  year={2014},
  publisher={Citeseer}
}

@ONLINE {karamjitkaur2016aviation,
    author = "Karamjit Kaur",
    title  = "Aviation's shifting centre of gravity",
    month  = "jun",
    year   = "2016",
    url    = "http://www.straitstimes.com/singapore/aviations-shifting-centre-of-gravity"
}

@article{canberk2011primary,
  title={Primary user activity modeling using first-difference filter clustering and correlation in cognitive radio networks},
  author={Canberk, Berk and Akyildiz, Ian F and Oktug, Sema},
  journal={IEEE/ACM Transactions on Networking (TON)},
  volume={19},
  number={1},
  pages={170--183},
  year={2011},
  publisher={IEEE Press}
}

@article{hoyhtya2011improving,
  title={Improving the performance of cognitive radios through classification, learning, and predictive channel selection},
  author={Hoyhtya, Marko and Pollin, Sofie and Mammela, Aarne},
  journal={Advances in electronics and Telecommunications},
  volume={2},
  number={4},
  pages={28--38},
  year={2011}
}

@inproceedings{kumar2006reliable,
  title={Reliable open spectrum communications through proactive spectrum access},
  author={Kumar Acharya, Prashanth Aravinda and Singh, Sumit and Zheng, Haitao},
  booktitle={Proceedings of the first international workshop on Technology and policy for accessing spectrum},
  pages={5},
  year={2006},
  organization={ACM}
}

@article{sharma2015genetic,
  title={Genetic Algorithm Aided Proportional Fair Resource Allocation in Multicast OFDM Systems},
  author={Sharma, Nitin and Madhukumar, AS},
  journal={IEEE Transactions on Broadcasting},
  volume={61},
  number={1},
  pages={16--29},
  year={2015},
  publisher={IEEE}
}

@article{jacob2015interference,
  title={Interference mitigation through reverse frequency allocation in multi-tier cellular network: a downlink perspective},
  author={Jacob, Ponnu and James, Ashish and Madhukumar, AS},
  journal={Wireless Networks},
  volume={21},
  number={5},
  pages={1613--1629},
  year={2015},
  publisher={Springer}
}

@article{duong2016stackelberg,
  title={Stackelberg Bayesian Game for power allocation in two-tier networks},
  author={Duong, Nguyen Duy and Madhukumar, AS and Niyato, Dusit},
  journal={IEEE Trans. Veh. Technol},
  volume={65},
  number={4},
  pages={2341--2354},
  year={2016},
  publisher={IEEE}
}

@article{duong2014non,
  title={Non-cooperative power control and spectrum allocation in cognitive radio networks: a game theoretic perspective},
  author={Duong, Nguyen Duy and Madhukumar, AS},
  journal={Wireless Communications and Mobile Computing},
  volume={14},
  number={5},
  pages={516--525},
  year={2014},
  publisher={Wiley Online Library}
}

@article{duong2014spectrum,
  title={Spectrum trading in cognitive radio networks with uncertainty in primary service requirements},
  author={Duong, Nguyen Duy and Madhukumar, AS},
  journal={IET Signal Processing},
  volume={8},
  number={4},
  pages={410--420},
  year={2014},
  publisher={IET}
}

@article{sirigina2016full,
  title={Full-Duplex Decode-and-Forward Relay-Assisted Interference Management: A Diversity Gain Region Perspective},
  author={Sirigina, Rajendra Prasad and Madhukumar, AS},
  journal={IEEE Trans. Commun.},
  volume={64},
  number={1},
  pages={141--152},
  month={January},
  year={2016},
  publisher={IEEE}
}

@article{samisurvey,
  title={A Survey and Taxonomy on Medium Access Control Strategies for Cooperative Communication in Wireless Networks: Research Issues and Challenges},
  author={Sami, Mahmoud and Noordin, Nor and Khabazian, Mehdi and Hashim, Fazirulhysiam and Subramaniam, Shamala},
  publisher={IEEE}
}

@article{gomez2012survey,
  title={A survey on cooperative diversity for wireless networks},
  author={Gomez-Cuba, Felipe and Asorey-Cacheda, Rafael and Gonzalez-Castano, Francisco J},
  journal={IEEE Communications Surveys \& Tutorials},
  volume={14},
  number={3},
  pages={822--835},
  year={2012},
  publisher={IEEE}
}

@article{khan2014mac,
  title={Mac protocols for cooperative diversity in wireless lans and wireless sensor networks},
  author={Khan, Rana Azeem M and Karl, Holger},
  journal={IEEE Communications Surveys \& Tutorials},
  volume={16},
  number={1},
  pages={46--63},
  year={2014},
  publisher={IEEE}
}

@article{laneman2004cooperative,
  title={Cooperative diversity in wireless networks: Efficient protocols and outage behavior},
  author={Laneman, J Nicholas and Tse, David NC and Wornell, Gregory W},
  journal={IEEE Trans. Inf. Theory},
  volume={50},
  number={12},
  pages={3062--3080},
  year={2004},
  publisher={IEEE}
}

@inproceedings{simoens2006compress,
  title={Compress-and-forward cooperative relaying in MIMO-OFDM systems},
  author={Simoens, S{\'e}bastien and Vidal, Josep and Mu{\~n}oz, Olga},
  booktitle={2006 IEEE 7th Workshop on Signal Processing Advances in Wireless Communications},
  pages={1--5},
  year={2006},
  organization={IEEE}
}

@article{eng1996comparison,
  title={Comparison of diversity combining techniques for Rayleigh-fading channels},
  author={Eng, Thomas and Kong, Ning and Milstein, Laurence B},
  journal={IEEE Trans. Commun.},
  volume={44},
  number={9},
  pages={1117--1129},
  year={1996},
  publisher={IEEE}
}

@article{liu2007coopmac,
  title={CoopMAC: A cooperative MAC for wireless LANs},
  author={Liu, Pei and Tao, Zhifeng and Narayanan, Sathya and Korakis, Thanasis and Panwar, Shivendra S},
  journal={IEEE Journal on Selected Areas in Communications},
  volume={25},
  number={2},
  pages={340--354},
  year={2007},
  publisher={IEEE}
}

@article{chen2013directional,
  title={Directional cooperative MAC protocol design and performance analysis for IEEE 802.11 ad WLANs},
  author={Chen, Qian and Tang, Jiqiang and Wong, David Tung Chong and Peng, Xiaoming and Zhang, Youguang},
  journal={IEEE Trans. Veh. Technol},
  volume={62},
  number={6},
  pages={2667--2677},
  year={2013},
  publisher={IEEE}
}

@article{munari2009phoenix,
  title={Phoenix: making cooperation more efficient through network coding in wireless networks},
  author={Munari, Andrea and Rossetto, Francesco and Zorzi, Michele},
  journal={IEEE Trans. Wireless Commun. },
  volume={8},
  number={10},
  pages={5248--5258},
  year={2009},
  publisher={IEEE}
}

@article{wang2014network,
  title={Network coding aware cooperative MAC protocol for wireless ad hoc networks},
  author={Wang, Xiaoyan and Li, Jie},
  journal={IEEE Transactions on Parallel and Distributed Systems},
  volume={25},
  number={1},
  pages={167--179},
  year={2014},
  publisher={IEEE}
}

@article{gokturk2008throughput,
  title={Throughput analysis of ALOHA with cooperative diversity},
  author={G{\"o}kt{\"u}rk, Sarper Muharrem and Er{\c{c}}etin, {\"O}zg{\"u}r and G{\"u}rb{\"u}z, {\"O}zg{\"u}r},
  journal={IEEE Commun. Lett},
  volume={12},
  number={6},
  pages={468--470},
  year={2008},
  publisher={IEEE}
}

@article{zheng2014investigation,
  title={An investigation of cooperative slotted Aloha with the capture effect},
  author={Zheng, Di and Zhao, Yao and Yao, Yu-Dong},
  journal={IEEE Commun. Lett},
  volume={18},
  number={4},
  pages={572--575},
  year={2014},
  publisher={IEEE}
}

@article{yang2010tdma,
  title={A TDMA-based MAC protocol with cooperative diversity},
  author={Yang, Zhuo and Yao, Yu-Dong and Li, Xiaochen and Zheng, Di},
  journal={IEEE Commun. Lett},
  volume={14},
  number={6},
  pages={542--544},
  year={2010},
  publisher={IEEE}
}

@article{castiglione2013partner,
  title={Partner selection in indoor-to-outdoor cooperative networks: An experimental study},
  author={Castiglione, Paolo and Savazzi, Stefano and Nicoli, Monica and Zemen, Thomas},
  journal={IEEE Journal on Selected Areas in Communications},
  volume={31},
  number={8},
  pages={1559--1571},
  year={2013},
  publisher={IEEE}
}

@article{bharati2013cah,
  title={CAH-MAC: cooperative ADHOC MAC for vehicular networks},
  author={Bharati, Sailesh and Zhuang, Weihua},
  journal={IEEE Journal on Selected Areas in Communications},
  volume={31},
  number={9},
  pages={470--479},
  year={2013},
  publisher={IEEE}
}

@article{lee2012dynamic,
  title={Dynamic cooperative retransmission scheme for TDMA systems},
  author={Lee, Jong-Kwan and Noh, Hong-Jun and Lim, Jaesung},
  journal={IEEE Commun. Lett},
  volume={16},
  number={12},
  pages={2000--2003},
  year={2012},
  publisher={IEEE}
}

@inproceedings{filip2014ldacs1,
  title={LDACS1-based non-cooperative surveillance},
  author={Filip, Alexandra and Shutin, Dmitriy and Schnell, Michael},
  booktitle={Proc. IEEE Integr. Commun. Navigat. Surveillance Conf.},
  pages={O1--1},
  year={2014},
  organization={IEEE}
}

@article{filip2015cramer,
  title={Cram{\'e}r--Rao bounds for L-band digital aeronautical communication system type 1 based passive multiple-input multiple-output radar},
  author={Filip, Alexandra and Shutin, Dmitriy},
  journal={IET Radar, Sonar \& Navigation},
  volume={10},
  number={2},
  pages={348--358},
  year={2015},
  publisher={IET}
}

@inproceedings{palat2005cooperative,
  title={Cooperative relaying for ad-hoc ground networks using swarm UAVs},
  author={Palat, Ramesh Chembil and Annamalau, A and Reed, JR},
  booktitle={MILCOM 2005-2005 IEEE Military Communications Conference},
  pages={1588--1594},
  year={2005},
  organization={IEEE}
}

@article{bing2010relaying,
  title={Relaying selection with network-coded cooperative protocols in aeronautical communications},
  author={Bing, Du and Jun, Zhang},
  journal={Chinese Journal of Aeronautics},
  volume={23},
  number={1},
  pages={75--83},
  year={2010},
  publisher={Elsevier}
}

@article{pulini2011improving,
  title={Improving the performance of AeroMACS by cooperative communications},
  author={Pulini, Paola and Chiani, Marco},
  year={2011}
}

@article{ahmed2013rate,
  title={Rate gain region and design tradeoffs for full-duplex wireless communications},
  author={Ahmed, Elsayed and Eltawil, Ahmed M and Sabharwal, Ashutosh},
  journal={IEEE Trans. Wireless Commun. },
  volume={12},
  number={7},
  pages={3556--3565},
  year={2013},
  publisher={IEEE}
}

@article{ahmed2015all,
  title={All-digital self-interference cancellation technique for full-duplex systems},
  author={Ahmed, Elsayed and Eltawil, Ahmed M},
  journal={IEEE Trans. Wireless Commun. },
  volume={14},
  number={7},
  pages={3519--3532},
  year={2015},
  publisher={IEEE}
}

@article{sahai2013impact,
  title={On the impact of phase noise on active cancelation in wireless full-duplex},
  author={Sahai, Achaleshwar and Patel, Gaurav and Dick, Chris and Sabharwal, Ashutosh},
  journal={IEEE Trans. Veh. Technol},
  volume={62},
  number={9},
  pages={4494--4510},
  month={Nov.},
  year={2013},
  publisher={IEEE}
}

@inproceedings{li2014linear,
  title={Linear transceiver design for full-duplex multi-user MIMO system},
  author={Li, Shenghong and Murch, Ross D and Lau, Vincent KN},
  booktitle={Proc. IEEE Int. Conf. Commun. (ICC)},
  pages={4921--4926},
  year={Sydney, NSW, Australia, 2014}
}

@inproceedings{yin2013full,
  title={Full-duplex in large-scale wireless systems},
  author={Yin, Bei and Wu, Michael and Studer, Christoph and Cavallaro, Joseph R and Lilleberg, Jorma},
  booktitle={Signals, Systems and Computers, 2013 Asilomar Conference on},
  pages={1623--1627},
  year={2013},
  organization={IEEE}
}

@inproceedings{jang2015spatial,
  title={{Spatial resource utilization to maximize uplink spectral efficiency in full-duplex massive MIMO}},
  author={Jang, Youngrok and Min, Kyungsik and Park, Sangjoon and Choi, Sooyong},
  booktitle={Proc. IEEE Int. Conf. Commun. (ICC)},
  pages={1583--1588},
  year={London, UK, 2015}
}

@inproceedings{cirik2016robust,
  title={Robust transceiver design in full-duplex MIMO cognitive radios},
  author={Cirik, Ali Cagatay and Biswas, Sudip and Taghizadeh, Omid and Liu, An and Ratnarajah, Tharmalingam},
  booktitle={Proc. IEEE Int. Conf. Commun. (ICC)},
  pages={1--7},
  year={2016},
  organization={IEEE}
}

@inproceedings{rached2016exact,
  title={An exact power series formula of the outage probability with noise and interference over generalized fading channels},
  author={Rached, Nadhir Ben and Kammoun, Abla and Alouini, Mohamed-Slim and Tempone, Raul},
  booktitle={Proc. IEEE PIMRC},
  pages={1--5},
  year={2016}
}

@book{goldsmith2005wireless,
  title={Wireless Communications},
  author={Goldsmith, Andrea},
  DOI={10.1017/CBO9780511841224},
  publisher={Cambridge University Press},
  year={Cambridge, UK, 2005}
}

@article{meng2011measurements,
  title={Measurements and characterizations of air-to-ground channel over sea surface at C-band with low airborne altitudes},
  author={Meng, Yu Song and Lee, Yee Hui},
  journal={IEEE Trans. Veh. Technol},
  volume={60},
  number={4},
  pages={1943--1948},
  year={2011},
  publisher={IEEE}
}

@inproceedings{wu2011airport,
  title={Airport surface area propagation path loss in the VHF band},
  author={Wu, Qiong and Matolak, David W and Apaza, Rafael D},
  booktitle={Proc. IEEE Integr. Commun. Navigat. Surveillance Conf.},
  pages={B4--1},
  year={2011},
  organization={IEEE}
}

@misc{icao2016long,
  title={ICAO Long-Term Traffic Forecasts},
  author={ ICAO},
  year={2016},
  publisher={ICAO},
  note = {Accessed on 23-11-2019},
  url    = "https://www.icao.int/Meetings/aviationdataseminar/Documents/ICAO-Long-Term-Traffic-Forecasts-July-2016.pdf"
}

@misc{secretariat2010icao,
  title={ICAO Environmental Report 2010: Aviation Outlook},
  author={Secretariat, ICAO},
  year={2010},
  publisher={ICAO}
}

@article{zhang2016full,
  title={Full-Duplex Device-to-Device Aided Cooperative Non-Orthogonal Multiple Access},
  author={Zhang, Zhengquan and Ma, Zheng and Xiao, Ming and Ding, Zhiguo and Fan, Pingzhi},
  journal={IEEE Trans. Veh. Technol},
  year={2016},
  publisher={IEEE}
}

@inproceedings{haynes2014future,
  title={Future communication solution paths for commercial, personal, and unmanned aviation},
  author={Haynes, Brian},
  booktitle={Proc. IEEE Integr. Commun. Navigat. Surveillance Conf.},
  pages={1--21},
  year={2014},
  organization={IEEE}
}

@article{yuan2016non,
  title={Non-orthogonal Multi-User Superposition and Shared Access},
  author={Yuan, Yifei},
  journal={Signal Processing for 5G: Algorithms and Implementations},
  pages={115--142},
  year={2016},
  publisher={John Wiley \& Sons, Ltd}
}

@inproceedings{yuan2016multi,
  title={Multi-User Shared Access for Internet of Things},
  author={Yuan, Zhifeng and Yu, Guanghui and Li, Weimin and Yuan, Yifei and Wang, Xinhui and Xu, Jun},
  booktitle={Vehicular Technology Conference (VTC Spring), 2016 IEEE 83rd},
  pages={1--5},
  year={2016},
  organization={IEEE}
}

@article{nadh2016linearization,
  title={A Linearization Technique for Self-Interference Cancellation in Full-Duplex Radios},
  author={Nadh, Arjun and Samuel, Joseph and Sharma, Ankit and Aniruddhan, Sankaran and Ganti, Radha Krishna},
  journal={arXiv preprint arXiv:1605.01345},
  year={2016}
}

@inproceedings{yan2015receiver,
  title={Receiver design for downlink non-orthogonal multiple access (NOMA)},
  author={Yan, Chunlin and Harada, Atsushi and Benjebbour, Anass and Lan, Yang and Li, Anxin and Jiang, Huiling},
  booktitle={Vehicular Technology Conference (VTC Spring), 2015 IEEE 81st},
  pages={1--6},
  year={2015},
  organization={IEEE}
}

@inproceedings{huang2016full,
  title={Full-duplex based successive interference cancellation in heterogeneous networks},
  author={Huang, Lei and Han, Shengqian and Yang, Chenyang and Wang, Gang},
  booktitle={Personal, Indoor, and Mobile Radio Communications (PIMRC), 2016 IEEE 27th Annual International Symposium on},
  pages={1--6},
  year={2016},
  organization={IEEE}
}

@article{ali2016dynamic,
  title={Dynamic user clustering and power allocation for uplink and downlink non-orthogonal multiple access (NOMA) systems},
  author={Ali, Md Shipon and Tabassum, Hina and Hossain, Ekram},
  journal={IEEE Access},
  volume={4},
  pages={6325--6343},
  year={2016},
  publisher={IEEE}
}

@article{matolak2017air_water,
  title={Air--ground channel characterization for unmanned aircraft systems—Part I: Methods, measurements, and models for over-water settings},
  author={Matolak, David W and Sun, Ruoyu},
  journal={IEEE Trans. Veh. Technol},
  volume={66},
  number={1},
  pages={26--44},
  year={2017},
  publisher={IEEE}
}

@article{sun2017air_hilly,
  title={Air--Ground Channel Characterization for Unmanned Aircraft Systems Part II: Hilly and Mountainous Settings},
  author={Sun, Ruoyu and Matolak, David W},
  journal={IEEE Trans. Veh. Technol},
  volume={66},
  number={3},
  pages={1913--1925},
  month={March},
  year={2017},
  publisher={IEEE}
}

@article{matolak2017air_suburban,
  title={Air-Ground Channel Characterization for Unmanned Aircraft Systems - Part III: The Suburban and Near-Urban Environments},
  author={Matolak, David W and Sun, Ruoyu},
  journal={IEEE Trans. Veh. Technol},
  month={Aug.},
  year={2017},
  volume={66},
  number={8},
  pages={6607-6618},
  publisher={IEEE}
}

@article{jamal2017fbmc,
  title={FBMC and L-DACS Performance for Future Air-to-Ground Communication Systems},
  author={Jamal, Hosseinali and Matolak, David W},
  journal={IEEE Transactions on Vehicular Technology},
  volume={66},
  number={6},
  pages={5043--5055},
  year={2017},
  publisher={IEEE}
}

@article{sun2017air_shadowing,
  title={Air-Ground Channel Characterization for Unmanned Aircraft Systems—Part IV: Airframe Shadowing},
  author={Sun, Ruoyu and Matolak, David W and Rayess, William},
  journal={IEEE Trans. Veh. Technol},
  year={2017},
  publisher={IEEE}
}

@inproceedings{sun2014over_harbor,
  title={Over-Harbor Channel Modeling with Directional Ground Station Antennas for the Air-Ground Channel},
  author={Sun, Ruoyu and Matolak, David W},
  booktitle={Military Communications Conference (MILCOM), 2014 IEEE},
  pages={382--387},
  year={2014},
  organization={IEEE}
}


@inproceedings{ernest2016efficiency,
  title={On the efficiency improvements to aeronautical waveforms and integrated modular avionics systems},
  author={Ernest, Tan Zheng Hui and Krishna, Anoop Kumar and Madhukumar, A S and Sirigina, Rajendra Prasad},
  booktitle={Proc. IEEE/AIAA 35th Digit. Avionics Syst. Conf.},
  pages={1--8},
  year={Sacramento, CA, USA, 2016}
}

@inproceedings{ehammer2011aeromacs,
  title={AeroMACS-An airport communications system},
  author={Ehammer, Max and Pschernig, Elias and Gr{\"a}upl, Thomas},
  booktitle={Proc. IEEE/AIAA 30th Digit. Avionics Syst. Conf.},
  pages={4C1--1},
  year={2011}
}

@inproceedings{morlet2011options,
  title={Options for the Iris satellite-based datalink},
  author={Morlet, Catherine and Ricard, Nathalie and Rodriguez, Sergio Fortes},
  booktitle={Integrated Communications, Navigation and Surveilance Conference (ICNS), 2011},
  pages={B5--1},
  year={2011},
  organization={IEEE}
}

@inproceedings{morlet2010characterisation,
  title={Characterisation of the data link communication air traffic for the European airspace},
  author={Morlet, Catherine and Ehammer, M and Gr{\"a}upl, T and Rokitansky, C-H},
  booktitle={Digital Avionics Systems Conference (DASC), 2010 IEEE/AIAA 29th},
  pages={3--C},
  year={2010},
  organization={IEEE}
}

@article{andras2011generalized,
  title={The generalized Marcum Q-function: an orthogonal polynomial approach},
  author={Andr{\'a}s, Szil{\'a}rd and Baricz, Arp{\'a}d and Sun, Yin},
  journal={Acta Universitatis Sapientiae Mathematica},
  volume={3},
  number={1},
  pages={60--76},
  year={2011}
}

@article{bartoszewicz2012algebrability,
  title={Algebrability of conditionally convergent series with Cauchy product},
  author={Bartoszewicz, Artur and Glab, Szymon},
  journal={Journal of Mathematical Analysis and Applications},
  volume={385},
  number={2},
  pages={693--697},
  year={2012},
  publisher={Elsevier}
}

@book{gradshteyn2014table,
  title={Table of integrals, series, and products},
  author={Gradshteyn, Izrail Solomonovich and Ryzhik, Iosif Moiseevich},
  year={2014},
  publisher={Academic press}
}

@inproceedings{narasimhan2007individual,
  title={Individual outage rate regions for fading multiple access channels},
  author={Narasimhan, Ravi},
  booktitle={Proc. 2007 ISIT},
  pages={1571--1575},
  year={Nice, France, 2007},
  organization={IEEE}
}

@article{narasimhan2006finite,
  title={Finite-SNR diversity--multiplexing tradeoff for correlated Rayleigh and Rician MIMO channels},
  author={Narasimhan, Ravi},
  journal={IEEE Trans. Inf. Theory},
  volume={52},
  number={9},
  pages={3965--3979},
  year={2006},
  publisher={IEEE}
}

@article{lin2013outage,
  title={Outage probability and finite-SNR diversity--multiplexing tradeoff for two-way relay fading channels},
  author={Lin, Xiaochen and Tao, Meixia and Xu, Youyun and Wang, Rui},
  journal={IEEE Trans. Veh. Technol},
  volume={62},
  number={7},
  pages={3123--3136},
  month={September},
  year={2013},
  publisher={IEEE}
}

@article{heidarpour2017finite,
  title={Finite-SNR Diversity-Multiplexing Tradeoff for Network Coded Cooperative OFDMA Systems},
  author={Heidarpour, Ali Reza and Kurt, Gunes Karabulut and Uysal, Murat},
  journal={IEEE Trans. Wireless Commun. },
  volume={16},
  number={3},
  pages={1385--1396},
  year={2017},
  publisher={IEEE}
}

@article{shin2008diversity,
  title={Diversity--multiplexing tradeoff and outage performance for Rician MIMO channels},
  author={Shin, Won-Yong and Chung, Sae-Young and Lee, Yong H},
  journal={IEEE Trans. Inf. Theory},
  volume={54},
  number={3},
  pages={1186--1196},
  year={2008},
  publisher={IEEE}
}

@article{wang2012finite,
  title={On the finite-SNR DMT of two-way AF relaying with imperfect CSI},
  author={Wang, Lei and Cai, Yueming and Yang, Weiwei},
  journal={IEEE Wireless Commun. Lett.},
  volume={1},
  number={3},
  pages={161--164},
  year={2012},
  publisher={IEEE}
}

@article{rached2017unified,
  title={A Unified Moment-Based Approach for the Evaluation of the Outage Probability With Noise and Interference},
  author={Rached, Nadhir Ben and Kammoun, Abla and Alouini, Mohamed-Slim and Tempone, Raul},
  journal={IEEE Trans. Wireless Commun.},
  volume={16},
  number={2},
  pages={1012--1023},
  month={Feb.},
  year={2017},
  publisher={IEEE}
}

@article{zheng2003diversity,
  title={Diversity and multiplexing: A fundamental tradeoff in multiple-antenna channels},
  author={Zheng, Lizhong and Tse, David N. C.},
  journal={IEEE Trans. Inf. Theory},
  volume={49},
  number={5},
  pages={1073--1096},
  year={2003},
  publisher={IEEE}
}

@article{zlatanov2017capacity,
  title={Capacity of the Gaussian two-hop full-duplex relay channel with residual self-interference},
  author={Zlatanov, Nikola and Sippel, Erik and Jamali, Vahid and Schober, Robert},
  journal={IEEE Trans. Commun.},
  volume={65},
  number={3},
  pages={1005--1021},
  month={March},
  year={2017},
  publisher={IEEE}
}

@article{yao1992investigations,
  title={Investigations into cochannel interference in microcellular mobile radio systems},
  author={Yao, Y-D and Sheikh, Asrar UH},
  journal={IEEE Trans. Veh. Technol},
  volume={41},
  number={2},
  pages={114--123},
  year={1992},
  publisher={IEEE}
}

@article{bithas2015mobile,
  title={Mobile communication systems in the presence of fading/shadowing, noise and interference},
  author={Bithas, Petros S and Rontogiannis, Athanasios A},
  journal={IEEE Trans. Commun.},
  volume={63},
  number={3},
  pages={724--737},
  month={March},
  year={2015},
  publisher={IEEE}
}

@article{hasna2003performance,
  title={Performance Analysis of Cellular Mobile Systems with Successive Co-Channel Interference Cancellation},
  author={Hasna, Mazen O and Alouini, M-S and Bastami, Alireza and Ebbini, Emad S},
  journal={IEEE Trans. Wireless Commun.},
  volume={2},
  number={1},
  pages={29--40},
  month={January},
  year={2003},
  publisher={IEEE}
}

@article{weber2007transmission,
  title={Transmission capacity of wireless ad hoc networks with successive interference cancellation},
  author={Weber, Steven P and Andrews, Jeffrey G and Yang, Xiangying and De Veciana, Gustavo},
  journal={IEEE Trans. Inf. Theory},
  volume={53},
  number={8},
  pages={2799--2814},
  month={Aug.},
  year={2007},
  publisher={IEEE}
}

@article{romero2008receive,
  title={Receive antenna array strategies in fading and interference: an outage probability comparison},
  author={Romero-Jerez, Juan M and Goldsmith, Andrea J},
  journal={IEEE Trans. Wireless Commun.},
  volume={7},
  number={3},
  pages={920--932},
  year={2008},
  publisher={IEEE}
}

@article{zhang2017full,
  title={Full-Duplex Device-to-Device-Aided Cooperative Nonorthogonal Multiple Access},
  author={Zhang, Zhengquan and Ma, Zheng and Xiao, Ming and Ding, Zhiguo and Fan, Pingzhi},
  journal={IEEE Trans. Veh. Technol},
  volume={66},
  number={5},
  pages={4467--4471},
  month={May},
  year={2017},
  publisher={IEEE}
}

@article{kwon2010optimal,
  title={Optimal duplex mode for DF relay in terms of the outage probability},
  author={Kwon, Taehoon and Lim, Sungmook and Choi, Sooyong and Hong, Daesik},
  journal={IEEE Trans. Veh. Technol},
  volume={59},
  number={7},
  pages={3628--3634},
  year={2010},
  publisher={IEEE}
}

@article{baranwal2013outage,
  title={Outage analysis of multihop full duplex relaying},
  author={Baranwal, Tarun Kr and Michalopoulos, Diomidis S and Schober, Robert},
  journal={IEEE Commun. Lett},
  volume={17},
  number={1},
  pages={63--66},
  year={2013},
  publisher={IEEE}
}

@article{sofotasios2017full,
  title={Full-Duplex Regenerative Relaying and Energy-Efficiency Optimization Over Generalized Asymmetric Fading Channels},
  author={Sofotasios, Paschalis C and Fikadu, Mulugeta K and Muhaidat, Sami and Cui, Qimei and Karagiannidis, George K and Valkama, Mikko},
  journal={IEEE Trans. Wireless Commun. },
  month={May},
  volume={16},
  number={5},
  pages={3232-3251},
  year={2017},
  publisher={IEEE}
}

@article{yang2015efficient,
  title={Efficient full-duplex relaying with joint antenna-relay selection and self-interference suppression},
  author={Yang, Kun and Cui, Hongyu and Song, Lingyang and Li, Yonghui},
  journal={IEEE Trans. Wireless Commun.},
  volume={14},
  number={7},
  pages={3991--4005},
  year={2015},
  publisher={IEEE}
}

@article{mohammadi2015full,
  title={Full-duplex radio for uplink/downlink wireless access with spatially random nodes},
  author={Mohammadi, Mohammadali and Suraweera, Himal A and Cao, Yun and Krikidis, Ioannis and Tellambura, Chintha},
  journal={IEEE Trans. Commun},
  volume={63},
  number={12},
  pages={5250--5266},
  month={Dec.},
  year={2015},
  publisher={IEEE}
}

@inproceedings{blomer2009transmission,
  title={Transmission capacity of wireless ad hoc networks: Successive interference cancellation vs. joint detection},
  author={Blomer, Joseph and Jindal, Nihar},
  booktitle={Proc. IEEE Int. Conf. Commun. (ICC)},
  pages={1--5},
  year={Dresden, Germany, 2009},
  organization={IEEE}
}

@article{ernest2019outage,
  title={{Outage Analysis and Finite SNR Diversity-Multiplexing Tradeoff of Hybrid-Duplex Systems for Aeronautical
Communications}},
  author={Ernest, Tan Zheng Hui and Madhukumar, A S and Sirigina, Rajendra Prasad and Krishna, Anoop Kumar},
  journal={IEEE Trans. Wireless Commun.},
  month = {April},
  year={2019},
  volume={18},
  number={4},
  pages={2299-2313},
  publisher={IEEE}
}

@article{shubhi2017joint,
  title={Joint Turbo Decoding for Overloaded MIMO-OFDM Systems},
  author={Shubhi, Ilmiawan and Sanada, Yukitoshi},
  journal={IEEE Trans. Veh. Technol},
  volume={66},
  number={1},
  pages={433--442},
  month={Jan.},
  year={2017},
  publisher={IEEE}
}

@article{qu2014understanding,
  title={Understanding the benefits of successive interference cancellation in multi-rate multi-hop wireless networks},
  author={Qu, Long and He, Jiaming and Assi, Chadi},
  journal={IEEE Trans. Commun.},
  volume={62},
  number={7},
  pages={2465--2477},
  month={July},
  year={2014},
  publisher={IEEE}
}

@article{annapureddy2009gaussian,
  title={Gaussian interference networks: Sum capacity in the low-interference regime and new outer bounds on the capacity region},
  author={Annapureddy, V Sreekanth and Veeravalli, Venugopal V},
  journal={IEEE Trans. Inf. Theory},
  volume={55},
  number={7},
  pages={3032--3050},
  month={July},
  year={2009},
  publisher={IEEE}
}

@article{zahavi2017cooperation,
  title={On Cooperation and Interference in the Weak Interference Regime},
  author={Zahavi, Daniel and Dabora, Ron},
  journal={IEEE Trans. Inf. Theory},
  volume={63},
  number={6},
  pages={3894--3922},
  month={June},
  year={2017},
  publisher={IEEE}
}

@inproceedings{zhou2015mac,
  title={Is MAC Joint Decoding Optimal for Interference Channels?},
  author={Zhou, Guangxia and Xu, Wen and Bauch, Gerhard},
  booktitle={Proc. Veh. Technol. Conf. (VTC Spring)},
  pages={1--5},
  year={Glasgow, UK, 2015}
}

@inproceedings{karmakar2012generalized,
  title={The generalized multiplexing gain region of the slow fading MIMO interference channel and its achievability with limited feedback},
  author={Karmakar, Sanjay and Varanasi, Mahesh K},
  booktitle={Information Theory Proceedings (ISIT), 2012 IEEE International Symposium on},
  pages={3135--3139},
  year={Cambridge, MA, USA, 2012},
  organization={IEEE}
}

@article{jacob2016cognitive,
  title={Cognitive radio for aeronautical communications: A survey},
  author={Jacob, Ponnu and Sirigina, Rajendra Prasad and Madhukumar, AS and Prasad, Vinod Achutavarrier},
  journal={IEEE Access},
  volume={4},
  pages={3417--3443},
  year={2016},
  publisher={IEEE}
}

@article{amjad2017full,
  title={Full-duplex communication in cognitive radio networks: A survey},
  author={Amjad, Muhammad and Akhtar, Fayaz and Rehmani, Mubashir Husain and Reisslein, Martin and Umer, Tariq},
  journal={IEEE Communications Surveys \& Tutorials},
  year={2017},
  publisher={IEEE}
}

@article{wang2010cognitive,
  title={Cognitive radio for aeronautical air-ground communications},
  author={Wang, Yang},
  journal={IEEE Aerospace and Electronic Systems Magazine},
  volume={25},
  number={5},
  pages={18--23},
  year={2010},
  publisher={IEEE}
}

@article{zhang2015aeronautical,
  title={Aeronautical central cognitive broadband air-to-ground communications},
  author={Zhang, Chao and Zhang, Yaxin and Xiao, Jialuo and Yu, Junzhou},
  journal={IEEE Journal on Selected Areas in Communications},
  volume={33},
  number={5},
  pages={946--957},
  year={2015},
  publisher={IEEE}
}

@article{saleem2015integration,
  title={Integration of cognitive radio technology with unmanned aerial vehicles: issues, opportunities, and future research challenges},
  author={Saleem, Yasir and Rehmani, Mubashir Husain and Zeadally, Sherali},
  journal={Journal of Network and Computer Applications},
  volume={50},
  pages={15--31},
  year={2015},
  publisher={Elsevier}
}

@inproceedings{chen2011collaborative,
  title={Collaborative compressive spectrum sensing in a UAV environment},
  author={Chen, Hsieh-Chung and Kung, HT and Vlah, Dario and Hague, Daniel and Muccio, Michael and Poland, Brendon},
  booktitle={MILITARY COMMUNICATIONS CONFERENCE, 2011-MILCOM 2011},
  pages={142--148},
  year={2011},
  organization={IEEE}
}

@article{gaafar2017underlay,
  title={Underlay spectrum sharing techniques with in-band full-duplex systems using improper Gaussian signaling},
  author={Gaafar, Mohamed and Amin, Osama and Abediseid, Walid and Alouini, Mohamed-Slim},
  journal={IEEE Transactions on Wireless Communications},
  volume={16},
  number={1},
  pages={235--249},
  year={2017},
  publisher={IEEE}
}

@article{amin2017overlay,
  title={Overlay spectrum sharing using improper Gaussian signaling},
  author={Amin, Osama and Abediseid, Walid and Alouini, Mohamed-Slim},
  journal={IEEE Journal on Selected Areas in Communications},
  volume={35},
  number={1},
  pages={50--62},
  year={2017},
  publisher={IEEE}
}

@inproceedings{liao2014listen,
  title={Listen-and-talk: Full-duplex cognitive radio networks},
  author={Liao, Yun and Wang, Tianyu and Song, Lingyang and Han, Zhu},
  booktitle={Global Communications Conference (GLOBECOM), 2014 IEEE},
  pages={3068--3073},
  year={2014},
  organization={IEEE}
}

@article{afifi2015incorporating,
  title={Incorporating self-interference suppression for full-duplex operation in opportunistic spectrum access systems},
  author={Afifi, Wessam and Krunz, Marwan},
  journal={IEEE Transactions on Wireless Communications},
  volume={14},
  number={4},
  pages={2180--2191},
  year={2015},
  publisher={IEEE}
}

@article{nabar2005diversity,
  title={Diversity and outage performance in space-time block coded Ricean MIMO channels},
  author={Nabar, Rohit U and Bolcskei, Helmut and Paulraj, Arogyaswami J},
  journal={IEEE Trans. Wireless Commun.},
  volume={4},
  number={5},
  pages={2519--2532},
  year={2005},
  publisher={IEEE}
}

@article{ishibashi2015diversity,
  title={Diversity-multiplexing tradeoff of dynamic harvest-and-forward cooperation},
  author={Ishibashi, Koji and Ho, Chin Keong and Krikidis, Ioannis},
  journal={IEEE Wireless Communications Letters},
  volume={4},
  number={6},
  pages={633--636},
  year={2015},
  publisher={IEEE}
}

@article{el2006mimo,
  title={The MIMO ARQ channel: Diversity--multiplexing--delay tradeoff},
  author={El Gamal, Hesham and Caire, Giuseppe and Damen, Mohamed Oussama},
  journal={IEEE Transactions on Information Theory},
  volume={52},
  number={8},
  pages={3601--3621},
  year={2006},
  publisher={IEEE}
}

@inproceedings{matolak2012air,
  title={Air-ground channels \& models: Comprehensive review and considerations for unmanned aircraft systems},
  author={Matolak, David W},
  booktitle={Proc. IEEE Aerosp. Conf.},
  pages={1--17},
  year={Big Sky, MT, USA, 2012},
  organization={IEEE}
}

@article{khatun2017millimeter,
  title={Millimeter Wave Systems for Airports and Short-Range Aviation Communications: A Survey of the Current Channel Models at mmWave Frequencies},
  author={Khatun, Mahfuza and Mehrpouyan, Hani and Matolak, David and Guvenc, Ismail},
  booktitle={Proc. IEEE/AIAA 36th Digit. Avionics Syst. Conf.},
  year={2017}
}

@inproceedings{pokkunuru2017capacity,
  title={Capacity analysis of aerial small cells},
  author={Pokkunuru, Akarsh and Zhang, Qin and Wang, Pu},
  booktitle={Proc. 2017 IEEE Int. Conf. Commun. (ICC)},
  pages={1--7},
  year={Paris, France, 2017},
  organization={IEEE}
}

@article{al2014optimal,
  title={Optimal LAP altitude for maximum coverage},
  author={Al-Hourani, Akram and Kandeepan, Sithamparanathan and Lardner, Simon},
  journal={IEEE Wireless Commun. Lett.},
  volume={3},
  number={6},
  pages={569--572},
  month={Dec.},
  year={2014},
  publisher={IEEE}
}

@inproceedings{feng2006path,
  title={Path loss models for air-to-ground radio channels in urban environments},
  author={Feng, Qixing and McGeehan, Joe and Tameh, Eustace K and Nix, Andrew R},
  booktitle={in Proc. IEEE 63rd Veh. Technol. Conf (VTC Spring)},
  volume={6},
  pages={2901--2905},
  year={Melbourne, Vic., Australia, 2006},
  organization={IEEE}
}

@article{paris2014statistical,
  title={Statistical Characterization of $\kappa - \mu$ Shadowed Fading},
  author={Paris, Jose F},
  journal={IEEE Trans. Veh. Technol.},
  volume={63},
  number={2},
  pages={518--526},
  month={Feb.},
  year={2014},
  publisher={IEEE}
}

@article{moreno2016kappa,
  title={The $\kappa - \mu$ Shadowed Fading Model: Unifying the $\kappa - \mu$ and  $\eta - \mu$ Distributions},
  author={Moreno-Pozas, Laureano and Lopez-Martinez, F Javier and Paris, Jos{\'e} F and Martos-Naya, Eduardo},
  journal={IEEE Transactions on Vehicular Technology},
  volume={65},
  number={12},
  pages={9630--9641},
  year={2016},
  publisher={IEEE}
}

@article{chun2017comprehensive,
  title={A Comprehensive Analysis of 5G Heterogeneous Cellular Systems Operating Over $\kappa - \mu$ Shadowed Fading Channels},
  author={Chun, Young Jin and Cotton, Simon L and Dhillon, Harpreet S and Lopez-Martinez, F Javier and Paris, Jos{\'e} F and Yoo, Seong Ki},
  journal={IEEE Trans. Wireless Commun.},
  volume={16},
  number={11},
  pages={6995--7010},
  month={Nov.},
  year={2017},
  publisher={IEEE}
}

@article{kumar2017outage,
  title={Outage Probability and Rate for $\kappa - \mu$ Shadowed Fading in Interference Limited Scenario},
  author={Kumar, Suman and Kalyani, Sheetal},
  journal={IEEE Trans. Wireless Commun.},
  volume={16},
  number={12},
  pages={8289--8304},
  month={Dec.},
  year={2017},
  publisher={IEEE}
}

@article{cotton2015human,
  title={Human Body Shadowing in Cellular Device-to-Device Communications: Channel Modeling Using the Shadowed $\kappa - \mu$ Fading Model},
  author={Cotton, Simon L},
  journal={IEEE Journal on Selected areas in Communications},
  volume={33},
  number={1},
  pages={111--119},
  year={2015},
  publisher={IEEE}
}

@article{abdi2003new,
  title={A new simple model for land mobile satellite channels: first-and second-order statistics},
  author={Abdi, Ali and Lau, Wing C and Alouini, M-S and Kaveh, Mostafa},
  journal={IEEE Trans. Wireless Commun.},
  volume={2},
  number={3},
  pages={519--528},
  month={May},
  year={2003},
  publisher={IEEE}
}

@article{lopez2018bivariate,
  title={Bivariate Rician shadowed fading model},
  author={L{\'o}pez-Fern{\'a}ndez, Jes{\'u}s and Paris, Jos{\'e} F and Martos-Naya, Eduardo},
  journal={IEEE Trans. Veh. Technol.},
  volume={67},
  number={1},
  pages={378--384},
  year={2018},
  publisher={IEEE}
}

@article{parthasarathy2017coverage,
  title={Coverage Analysis in Downlink Poisson Cellular Network With $\kappa - \mu$ Shadowed Fading},
  author={Parthasarathy, Sudharsan and Ganti, Radha Krishna},
  journal={IEEE Wireless Commun. Lett.},
  volume={6},
  number={1},
  pages={10--13},
  month={Feb.},
  year={2017},
  publisher={IEEE}
}

@article{afonso2016cellular,
  title={Cellular for the skies: Exploiting mobile network infrastructure for low altitude air-to-ground communications},
  author={Afonso, Luis and Souto, Nuno and Sebastiao, Pedro and Ribeiro, Marco and Tavares, Tiago and Marinheiro, Rui},
  journal={IEEE Aerospace and Electronic Systems Magazine},
  volume={31},
  number={8},
  pages={4--11},
  year={2016},
  publisher={IEEE}
}

@article{zeng2016wireless,
  title={Wireless communications with unmanned aerial vehicles: opportunities and challenges},
  author={Zeng, Yong and Zhang, Rui and Lim, Teng Joon},
  journal={IEEE Communications Magazine},
  volume={54},
  number={5},
  pages={36--42},
  year={2016},
  publisher={IEEE}
}

@book{Boros2004Irresistible,
Author = {Boros, George and Moll, Victor},
ISBN = {9780511213267},
Publisher = {Cambridge University Press, Cambridge, UK, 2004.},
Title = {Irresistible Integrals. : Symbolics, Analysis and Experiments in the Evaluation of Integrals.},
}

@book{amann2005analysis,
  title={Analysis I},
  author={Amann, Herbert and Escher, Joachim and Levy, Silvio and Cargo, Matthew},
  volume={3},
  year={Germany, 2005},
  isbn = {978-3-7643-7323-8},
  publisher={Springer}
}

@article{kumar2015approximate,
  title={Approximate Outage Probability and Capacity for $\kappa - \mu$ Shadowed Fading},
  author={Kumar, Suman},
  journal={IEEE Wireless Commun. Lett.},
  volume={4},
  number={3},
  pages={301--304},
  month={June},
  year={2015},
  publisher={IEEE}
}

@article{wang2017taking,
  title={Taking drones to the next level: Cooperative distributed unmanned-aerial-vehicular networks for small and mini drones},
  author={Wang, Jingjing and Jiang, Chunxiao and Han, Zhu and Ren, Yong and Maunder, Robert G and Hanzo, Lajos},
  journal={IEEE Veh. Technol. Mag.},
  volume={12},
  number={3},
  pages={73--82},
  month={Sept.},
  year={2017},
  publisher={IEEE}
}

@article{matolak2015unmannedAircraft,
  title={Unmanned aircraft systems: Air-ground channel characterization for future applications},
  author={Matolak, David W and Sun, Ruoyu},
  journal={IEEE Veh. Technol. Mag.},
  volume={10},
  number={2},
  pages={79--85},
  month={June},
  year={2015},
  publisher={IEEE}
}

@article{al2017modeling,
  title={Modeling cellular-to-UAV path-loss for suburban environments},
  author={Al-Hourani, Akram and Gomez, Karina},
  journal={IEEE Wireless Commun. Lett.},
  month={Feb.},
  year={2018},
  volume={7},
  number={1},
  pages={82-85},
  publisher={IEEE}
}

@article{amorim2017radio,
  title={Radio channel modeling for UAV communication over cellular networks},
  author={Amorim, Rafhael and Nguyen, Huan and Mogensen, Preben and Kov{\'a}cs, Istv{\'a}n Z and Wigard, Jeroen and S{\o}rensen, Troels B},
  journal={IEEE Wireless Commun. Lett.},
  volume={6},
  number={4},
  pages={514--517},
  month={Aug.},
  year={2017},
  publisher={IEEE}
}

@article{motlagh2016low,
  title={Low-altitude unmanned aerial vehicles-based internet of things services: Comprehensive survey and future perspectives},
  author={Motlagh, Naser Hossein and Taleb, Tarik and Arouk, Osama},
  journal={IEEE Internet Things J.},
  volume={3},
  number={6},
  pages={899--922},
  month={Dec.},
  year={2016},
  publisher={IEEE}
}

@inproceedings{djiroun2017markov,
  title={A Markov Decision Process-Based Collision Avoidance in IoT Applications},
  author={Djiroun, Fatima Zahra and Bagaa, Miloud and Taleb, Tarik},
  booktitle={GLOBECOM 2017-2017 IEEE Global Communications Conference},
  pages={1--6},
  year={2017},
  organization={IEEE}
}

@inproceedings{ouahouah2017efficient,
  title={Efficient offloading mechanism for UAVs-based value added services},
  author={Ouahouah, Sihem and Taleb, Tarik and Song, JaeSeung and Benzaid, Chafika},
  booktitle={Communications (ICC), 2017 IEEE International Conference on},
  pages={1--6},
  year={2017},
  organization={IEEE}
}

@article{zhan2017energy, 
author={C. Zhan and Y. Zeng and R. Zhang}, 
journal={IEEE Wireless Communications Letters}, 
title={Energy-Efficient Data Collection in UAV Enabled Wireless Sensor Network}, 
year={2017}, 
volume={PP}, 
number={99}, 
pages={1-1}, 
keywords={Energy consumption;Fading channels;Reliability;Schedules;Trajectory;Unmanned aerial vehicles;Wireless sensor networks;Unmanned aerial vehicle;data collection;energy minimization;trajectory design;wireless sensor network.}, 
doi={10.1109/LWC.2017.2776922}, 
ISSN={2162-2337}, 
month={},}

@article{zeng2017energy,
  title={Energy-efficient UAV communication with trajectory optimization},
  author={Zeng, Yong and Zhang, Rui},
  journal={IEEE Transactions on Wireless Communications},
  volume={16},
  number={6},
  pages={3747--3760},
  year={2017},
  publisher={IEEE}
}

@article{mozaffari2017mobile,
  title={Mobile unmanned aerial vehicles (UAVs) for energy-efficient internet of things communications},
  author={Mozaffari, Mohammad and Saad, Walid and Bennis, Mehdi and Debbah, M{\'e}rouane},
  journal={IEEE Transactions on Wireless Communications},
  volume={16},
  number={11},
  pages={7574--7589},
  year={2017},
  publisher={IEEE}
}

@inproceedings{motlagh2016uav,
  title={{UAV selection for a UAV-Based integrative IoT platform}},
  author={Motlagh, Naser Hossein and Bagaa, Miloud and Taleb, Tarik},
  booktitle={Proc. IEEE Global Commun. Conf.(GLOBECOM)},
  pages={1--6},
  year={Washington, DC, USA, 2016},
  organization={IEEE}
}

@inproceedings{motlagh2017connection,
  title={Connection steering mechanism between mobile networks for reliable uav's iot platform},
  author={Motlagh, Naser Hossein and Bagaa, Miloud and Taleb, Tarik and Song, JaeSeung},
  booktitle={Communications (ICC), 2017 IEEE International Conference on},
  pages={1--6},
  year={2017},
  organization={IEEE}
}

@article{lee2015hybrid,
  title={Hybrid full-/half-duplex system analysis in heterogeneous wireless networks},
  author={Lee, Jemin and Quek, Tony QS},
  journal={IEEE transactions on wireless communications},
  volume={14},
  number={5},
  pages={2883--2895},
  year={2015},
  publisher={IEEE}
}

@article{yao2018x,
  title={X-Duplex Radios: Flexible Switching Between Full-Duplex and Half-Duplex},
  author={Yao, Chao and Song, Lingyang and Li, Yonghui},
  journal={IEEE Wireless Commun. Lett.},
  volume={7},
  number={1},
  pages={94--97},
  month={Feb.},
  year={2018},
  publisher={IEEE}
}

@article{yue2018exploiting,
  title={Exploiting full/half-duplex user relaying in noma systems},
  author={Yue, Xinwei and Liu, Yuanwei and Kang, Shaoli and Nallanathan, Arumugam and Ding, Zhiguo},
  journal={IEEE Trans. Commun.},
  volume={66},
  number={2},
  pages={560--575},
  momtn={Feb.},
  year={2018},
  publisher={IEEE}
}

@article{azari2018ultra,
  title={Ultra reliable uav communication using altitude and cooperation diversity},
  author={Azari, Mohammad Mahdi and Rosas, Fernando and Chen, Kwang-Cheng and Pollin, Sofie},
  journal={IEEE Trans. Commun.},
  volume={66},
  number={1},
  pages={330--344},
  year={2018},
  publisher={IEEE}
}

@article{sekander2018multi,
  title={Multi-tier drone architecture for 5G/B5G cellular networks: Challenges, trends, and prospects},
  author={Sekander, Silvia and Tabassum, Hina and Hossain, Ekram},
  journal={IEEE Commun. Mag.},
  volume={56},
  number={3},
  pages={96--103},
  month={March},
  year={2018},
  publisher={IEEE}
}

@inproceedings{ernest2018hybrid,
  title={{Hybrid-Duplex based Control and Non-Payload Communication Systems for UAVs: An Outage Analysis}},
  author={Ernest, Tan Zheng Hui and Madhukumar, A S and Sirigina, Rajendra Prasad and Krishna, Anoop Kumar},
  booktitle={Proc. IEEE/AIAA 37th Digit. Avionics Syst. Conf.},
  year={London, UK, 2018}
}

@inproceedings{ernest2018performance,
  title={{On the Performance Analysis of Hybrid-Duplex Systems for Aeronautical Communications}},
  author={Ernest, Tan Zheng Hui and Sirigina, Rajendra Prasad and Krishna, Anoop Kumar and Madhukumar, A S},
  booktitle={Proc. IEEE 87th Veh. Technol. Conf. (VTC Spring)},
  pages={1--5},
  year={Porto, Portugal, 2018},
}

@inproceedings{ernest2019noma,
  title={{An Outage Probability Analysis of Full-Duplex NOMA in UAV Communications}},
  author={Ernest, Tan Zheng Hui and Madhukumar, A S and Sirigina, Rajendra Prasad and Krishna, Anoop Kumar},
  booktitle={Proc. IEEE Wireless Commun. Netw. Conf. (WCNC)},
  pages={1--5},
  year={Marrakech, Morocco, 2019},
}

@inproceedings{tan2018ricianShad,
  title={{Hybrid-Duplex Systems for UAV Communications under Rician Shadowed Fading}},
  author={Ernest, Tan Zheng Hui and Madhukumar, A S and Sirigina, Rajendra Prasad and Krishna, Anoop Kumar},
  booktitle={Proc. IEEE 88th Veh. Technol. Conf. (VTC Fall)},
  pages={1--5},
  year={Chicago, IL, USA, 2018},
}

@article{tan2018joint,
  title={{A Hybrid-Duplex System with Joint Detection for Interference-Limited UAV Communications}},
  author={Ernest, Tan Zheng Hui and Madhukumar, A S and Sirigina, Rajendra Prasad and Krishna, Anoop Kumar},
  journal={IEEE Trans. Veh. Technol.},
  month = {January},
  year={2019},
  volume={68},
  number={1},
  pages={335-348},
  publisher={IEEE}
}

@article{ernest2019power,
  title={{A Power Series Approach for Hybrid-Duplex UAV Communication Systems under Rician Shadowed Fading}},
  author={Ernest, Tan Zheng Hui and Madhukumar, A. S. and Sirigina, Rajendra Prasad and Krishna, Anoop Kumar},
  journal={IEEE Access},
  year={2019},
  month={June},
  volume={7},
  number={},
  pages={76949-76966},
  publisher={IEEE}
}

@article{ernest2019hybrid,
  title={{Hybrid-Duplex Communications for Multi-UAV Networks: An Outage Probability Analysis}},
  author={Ernest, Tan Zheng Hui and Madhukumar, A. S. and Sirigina, Rajendra Prasad and Krishna, Anoop Kumar},
  journal={IEEE Commun. Lett.},
  year={2019},
  month={October},
  volume={23},
  number={10},
  pages={1831-1835},
  publisher={IEEE}
}

@article{ernest2019addressing,
  title={{Addressing Spectrum Efficiency Through Hybrid-Duplex UAV Communications: Challenges and Opportunities}},
  author={Ernest, Tan Zheng Hui and Madhukumar, A. S. and Sirigina, Rajendra Prasad and Krishna, Anoop Kumar},
  journal={Submitted to Elsevier Veh. Commun. for publication},
  year={2019}
}

@article{ernest2019hetnet,
  title={{NOMA-Aided Multi-UAV Communications in Full-Duplex Heterogeneous Networks}},
  author={Ernest, Tan Zheng Hui and Madhukumar, A. S. and Sirigina, Rajendra Prasad and Krishna, Anoop Kumar},
  journal={Submitted to IEEE Trans. Commun. for publication},
  year={2019}
}

@article{ernest2019correlated,
  title={{NOMA-aided UAV Communications over Correlated Rician Shadowed Fading Channels}},
  author={Ernest, Tan Zheng Hui and Madhukumar, A. S. and Sirigina, Rajendra Prasad and Krishna, Anoop Kumar},
  journal={Submitted to IEEE. Trans. Signal Process. for publication},
  year={2019}
}

@article{bennatan2014soft,
  title={Soft-Decoding-Based Strategies for Relay and Interference Channels: Analysis and Achievable Rates Using LDPC Codes},
  author={Bennatan, Amir and Shamai, Shlomo and Calderbank, A Robert},
  journal={IEEE Trans. Inf. Theory},
  volume={60},
  number={4},
  pages={1977--2009},
  month={April},
  year={2014},
  publisher={IEEE}
}

@inproceedings{bandemer2012simultaneous,
  title={Simultaneous nonunique decoding is rate-optimal},
  author={Bandemer, Bernd and El Gamal, Abbas and Kim, Young-Han},
  booktitle={Communication, Control, and Computing (Allerton), 2012 50th Annual Allerton Conference on},
  pages={9--16},
  year={Monticello, IL, USA, 2012},
  organization={IEEE}
}

@article{nam2014advanced,
  title={Advanced interference management for 5G cellular networks},
  author={Nam, Wooseok and Bai, Dongwoon and Lee, Jungwon and Kang, Inyup},
  journal={IEEE Commun. Mag.},
  volume={52},
  number={5},
  pages={52--60},
  month={May},
  year={2014},
  publisher={IEEE}
}

@article{jiang2018three,
  title={Three-Dimensional Geometry-Based UAV-MIMO Channel Modeling for A2G Communication Environments},
  author={Jiang, Hao and Zhang, Zaichen and Wu, Liang and Dang, Jian},
  journal={IEEE Commun. Lett.},
  volume={22},
  number={7},
  pages={1438--1441},
  month={July},
  year={2018},
  publisher={IEEE}
}

@article{jiang2019three,
  title={Three-Dimensional Non-stationary Wideband Geometry-Based UAV Channel Model for A2G Communication Environments},
  author={Jiang, Hao and Zhang, Zaichen and Gui, Guan},
  journal={IEEE Access},
  month={January},
  volume={7},
  number={},
  pages={26116-26122},
  year={2019},
  publisher={IEEE}
}

@inproceedings{jin2017three,
  title={Three dimensional modeling and space-time correlation for UAV channels},
  author={Jin, Kun and Cheng, Xiang and Ge, Xiaohu and Yin, Xuefeng},
  booktitle={Proc. IEEE 85th Veh. Technol. Conf. (VTC Spring)},
  pages={1--5},
  year={Sydney, Australia, 2017},
  organization={IEEE}
}

@inproceedings{zeng20173d,
  title={A 3D geometry-based stochastic channel model for UAV-MIMO channels},
  author={Zeng, Linzhou and Cheng, Xiang and Wang, Cheng-Xiang and Yin, Xuefeng},
  booktitle={Proc. IEEE Wireless Commun. Netw. Conf. (WCNC)},
  pages={1--5},
  year={San Francisco, CA, USA, 2017},
  organization={IEEE}
}

@inproceedings{goddemeier2015investigation,
  title={Investigation of air-to-air channel characteristics and a UAV specific extension to the rice model},
  author={Goddemeier, Niklas and Wietfeld, Christian},
  booktitle={Proc. IEEE Globecom Workshops (GC Wkshps)},
  pages={1--5},
  year={San Diego, CA, USA, 2015},
}

@article{yuan2018capacity,
  title={Capacity Analysis of UAV Communications: Cases of Random Trajectories},
  author={Yuan, Xin and Feng, Zhiyong and Xu, Wenjun and Ni, Wei and Zhang, J Andrew and Wei, Zhiqing and Liu, Ren Ping},
  journal={IEEE Trans. Veh. Technol.},
  volume={67},
  number={8},
  pages={7564--7576},
  month={August},
  year={2018},
  publisher={IEEE}
}

@article{li2018self,
  title={{Self-interference cancellation with nonlinearity and phase-noise suppression in full-duplex systems}},
  author={Li, Ruozhu and Masmoudi, Ahmed and Le-Ngoc, Tho},
  journal={IEEE Trans. Veh. Technol.},
  volume={67},
  number={3},
  pages={2118--2129},
  year={2018},
  publisher={IEEE}
}

@article{korpi2014full,
  title={{Full-duplex transceiver system calculations: Analysis of ADC and linearity challenges}},
  author={Korpi, Dani and Riihonen, Taneli and Syrj{\"a}l{\"a}, Ville and Anttila, Lauri and Valkama, Mikko and Wichman, Risto},
  journal={IEEE Trans. Wireless Commun.},
  volume={13},
  number={7},
  pages={3821--3836},
  month={July},
  year={2014},
  publisher={IEEE}
}

@article{zhang2017high,
  title={On High-Order Capacity Statistics of Spectrum Aggregation Systems Over $\kappa - \mu$ and $\kappa - \mu$ Shadowed Fading Channels},
  author={Zhang, Jiayi and Chen, Xiaoyu and Peppas, Kostas P and Li, Xu and Liu, Ying},
  journal={IEEE Trans. Commun.},
  volume={65},
  number={2},
  pages={935--944},
  month={Feb.},
  year={2017},
  publisher={IEEE}
}

@article{li2017effective,
  title={Effective Rate of MISO Systems Over $\kappa - \mu$ Shadowed Fading Channels},
  author={Li, Xingwang and Li, Jingjing and Li, Lihua and Jin, Jin and Zhang, Jiayi and Zhang, Di},
  journal={IEEE Access},
  volume={5},
  pages={10605--10611},
  month={June},
  year={2017},
  publisher={IEEE}
}

@article{you2017unified,
  title={Unified framework for the effective rate analysis of wireless communication systems over MISO fading channels},
  author={You, Minglei and Sun, Hongjian and Jiang, Jing and Zhang, Jiayi},
  journal={IEEE Trans. Commun.},
  volume={65},
  number={4},
  pages={1775--1785},
  month={April},
  year={2017},
  publisher={IEEE}
}

@article{kerczewski2012control,
  title={Control and non-payload communications links for integrated unmanned aircraft operations},
  author={Kerczewski, Robert J and Griner, James H},
  year={2012},
  note = {Accessed on 23-11-2019},
  url    = "https://ntrs.nasa.gov/search.jsp?R=20120016398"},
  publisher={NASA}
}

@article{hayajneh2018performance,
  title={Performance Analysis of UAV Enabled Disaster Recovery Networks: A Stochastic Geometric Framework based on Cluster Processes},
  author={Hayajneh, AM and Zaidi, SAR and McLernon, Des C and Di Renzo, MARCO and Ghogho, MOUNIR},
  journal={IEEE Access},
  year={2018},
  volume={6},
  number={},
  pages={26215-26230},
  publisher={IEEE}
}

@article{li2017optimal,
  title={Optimal resource allocation for packet delay minimization in multi-layer UAV networks},
  author={Li, Jin and Han, Youngnam},
  journal={IEEE Commun. Lett.},
  volume={21},
  number={3},
  pages={580--583},
  year={2017},
  publisher={IEEE}
}

@inproceedings{lyu2017spectrum,
  title={Spectrum sharing and cyclical multiple access in UAV-aided cellular offloading},
  author={Lyu, Jiangbin and Zeng, Yong and Zhang, Rui},
  booktitle={Proc. IEEE Global Commun. Conf. (GLOBECOM)},
  pages={1--6},
  year={Singapore, 2017},
}

@inproceedings{sharma2017uav,
  title={UAV-enabled downlink wireless system with non-orthogonal multiple access},
  author={Sharma, Pankaj K and Kim, Dong In},
  booktitle={Globecom Workshops (GC Wkshps), 2017 IEEE},
  pages={1--6},
  year={2017},
}

@article{ono2016wireless,
  title={A wireless relay network based on unmanned aircraft system with rate optimization},
  author={Ono, Fumie and Ochiai, Hideki and Miura, Ryu},
  journal={IEEE Trans. Wireless Commun. },
  volume={15},
  number={11},
  pages={7699--7708},
  year={2016},
  publisher={IEEE}
}

@article{azari2018key,
  title={Key technologies and system trade-offs for detection and localization of amateur drones},
  author={Azari, Mohammad Mahdi and Sallouha, Hazem and Chiumento, Alessandro and Rajendran, Sreeraj and Vinogradov, Evgenii and Pollin, Sofie},
  journal={IEEE Commun. Mag.},
  volume={56},
  number={1},
  pages={51--57},
  year={2018},
  publisher={IEEE}
}

@TECHREPORT {ITUR2013,
    author = "ITU-R",
    title  = "P.1410 : Propagation data and prediction methods required for the design of terrestrial broadband radio access systems operating in a frequency range from 3 to 60 GHz",
    year   = "2013",
    note = {Accessed on 23-11-2019},
    url    = "https://www.itu.int/rec/R-REC-P.1410/en"
}

@article{chandrasekharan2016designing,
  title={Designing and implementing future aerial communication networks},
  author={Chandrasekharan, Sathyanarayanan and Gomez, Karina and Al-Hourani, Akram and Kandeepan, Sithamparanathan and Rasheed, Tinku and Goratti, Leonardo and Reynaud, Laurent and Grace, David and Bucaille, Isabelle and Wirth, Thomas and others},
  journal={IEEE Commun. Mag.},
  volume={54},
  number={5},
  pages={26--34},
  year={2016},
  publisher={IEEE}
}

@article{mozaffari2017wireless,
author={M. {Mozaffari} and W. {Saad} and M. {Bennis} and M. {Debbah}},
journal={IEEE Trans. Wireless Commun.},
title={Wireless Communication Using Unmanned Aerial Vehicles (UAVs): Optimal Transport Theory for Hover Time Optimization},
year={2017},
volume={16},
number={12},
pages={8052-8066},
month={Dec}
}

@article{sallouha2017aerial,
  title={{Aerial Anchors Positioning for Reliable RSS-Based Outdoor Localization in Urban Environments}},
  author={Sallouha, Hazem and Azari, Mohammad Mahdi and Chiumento, Alessandro and Pollin, Sofie},
  journal={IEEE Wireless Commun. Lett.},
  volume={7},
  number={3},
  pages={376-379},
  year={2017}
}

@article{jiang2012optimization,
  title={Optimization of UAV heading for the ground-to-air uplink},
  author={Jiang, Feng and Swindlehurst, A Lee},
  journal={IEEE J. Sel. Areas Commun.},
  volume={30},
  number={5},
  pages={993--1005},
  year={2012},
  publisher={IEEE}
}

@article{zogas2005infinite,
  title={Infinite-series representations associated with the bivariate Rician distribution and their applications},
  author={Zogas, Dimitris A and Karagiannidis, George K},
  journal={IEEE Trans. Commun.},
  volume={53},
  number={11},
  pages={1790--1794},
  year={2005},
  publisher={IEEE}
}

@article{beaulieu2011novel,
  title={Novel representations for the bivariate Rician distribution},
  author={Beaulieu, Norman C and Hemachandra, Kasun T},
  journal={IEEE Trans. Commun.},
  volume={59},
  number={11},
  pages={2951--2954},
  year={2011},
  publisher={IEEE}
}

@article{beaulieu2011novelsimple,
  title={Novel simple representations for Gaussian class multivariate distributions with generalized correlation},
  author={Beaulieu, Norman C and Hemachandra, Kasun T},
  journal={IEEE Trans. Inf. Theory},
  volume={57},
  number={12},
  pages={8072--8083},
  year={2011},
  publisher={IEEE}
}

@article{wan2013smooth,
  title={A smooth-turn mobility model for airborne networks},
  author={Wan, Yan and Namuduri, Kamesh and Zhou, Yi and Fu, Shengli},
  journal={IEEE Trans. Veh. Technol.},
  volume={62},
  number={7},
  pages={3359--3370},
  year={2013},
  publisher={IEEE}
}

@article{afshang2017fundamentals,
  title={Fundamentals of Modeling Finite Wireless Networks Using Binomial Point Process.},
  author={Afshang, Mehrnaz and Dhillon, Harpreet S},
  journal={IEEE Trans. Wireless Communications},
  volume={16},
  number={5},
  pages={3355--3370},
  year={2017}
}

@inproceedings{ravi2016downlink,
  title={Downlink coverage probability in a finite network of unmanned aerial vehicle (UAV) base stations},
  author={Ravi, Vishnu Vardhan Chetlur and Dhillon, Harpreet S},
  booktitle={Proc. Signal Process. Advances in Wireless Commun. (SPAWC), 2016 IEEE 17th International Workshop on},
  pages={1--5},
  year={2016},
  organization={IEEE}
}

@article{chetlur2017downlink,
  title={Downlink coverage analysis for a finite 3-D wireless network of unmanned aerial vehicles},
  author={Chetlur, Vishnu Vardhan and Dhillon, Harpreet S},
  journal={IEEE Trans. Commun.},
  volume={65},
  number={10},
  pages={4543--4558},
  year={2017},
  publisher={IEEE}
}

@article{korpi2016full,
  title={Full-duplex mobile device: Pushing the limits},
  author={Korpi, Dani and Tamminen, Joose and Turunen, Matias and Huusari, Timo and Choi, Yang-Seok and Anttila, Lauri and Talwar, Shilpa and Valkama, Mikko},
  journal={IEEE Commun. Mag.},
  volume={54},
  number={9},
  pages={80--87},
  year={2016},
  publisher={IEEE}
}

@article{amjad2018low,
  title={A Low-Complexity Full-Duplex Radio Implementation With a Single Antenna},
  author={Amjad, Muhammad Sohaib and Nawaz, Haq and {\"O}zsoy, Kerem and G{\"u}rb{\"u}z, {\"O}zg{\"u}r and Tekin, Ibrahim},
  journal={IEEE Trans. Veh. Technol.},
  volume={67},
  number={3},
  pages={2206--2218},
  year={2018},
  publisher={IEEE}
}

@article{syrjala2016analysis,
  title={Analysis and design specifications for full-duplex radio transceivers under RF oscillator phase noise with arbitrary spectral shape},
  author={Syrj{\"a}l{\"a}, Ville and Yamamoto, Koji and Valkama, Mikko},
  journal={IEEE Trans. Veh. Technol.},
  volume={65},
  number={8},
  pages={6782--6788},
  year={2016},
  publisher={IEEE}
}

@article{bernhardt2018self,
  title={Self-interference cancelation through advanced sampling},
  author={Bernhardt, Micael and Gregorio, Fernando and Cousseau, Juan and Riihonen, Taneli},
  journal={IEEE Trans. Signal Process.},
  volume={66},
  number={7},
  pages={1721--1733},
  year={2018},
  publisher={IEEE}
}

@article{shende2018half,
  title={Half-duplex or full-duplex communications: Degrees of freedom analysis under self-interference},
  author={Shende, Nirmal V and G{\"u}rb{\"u}z, {\"O}zg{\"u}r and Erkip, Elza},
  journal={IEEE Trans. Wireless Commun.},
  volume={17},
  number={2},
  pages={1081--1093},
  year={2018},
  publisher={IEEE}
}

@article{hwang2017multi,
  title={Multi-antenna beamforming techniques in full-duplex and self-energy recycling systems: Opportunities and challenges},
  author={Hwang, Duckdong and Nam, Sung Sik and Yang, Janghoon},
  journal={IEEE Commun. Mag.},
  volume={55},
  number={10},
  pages={160--167},
  year={2017},
  publisher={IEEE}
}

@article{mohammadi2018beamforming,
  title={Beamforming Design and Power Allocation for Full-Duplex Non-Orthogonal Multiple Access Cognitive Relaying},
  author={Mohammadi, Mohammadali and Chalise, Batu K and Hakimi, Azar and Mobini, Zahra and Suraweera, Himal A and Ding, Zhiguo},
  journal={IEEE Trans. Commun.},
  volume={66},
  number={12},
  pages={5952--5965},
  year={2018},
  publisher={IEEE}
}

@article{chalise2017beamforming,
  title={Beamforming optimization for full-duplex wireless-powered MIMO systems},
  author={Chalise, Batu Krishna and Suraweera, Himal A and Zheng, Gan and Karagiannidis, George K},
  journal={IEEE Trans. Commun.},
  volume={65},
  number={9},
  pages={3750--3764},
  year={2017},
  publisher={IEEE}
}

@article{syrjala2014analysis,
  title={Analysis of oscillator phase-noise effects on self-interference cancellation in full-duplex OFDM radio transceivers},
  author={Syrjala, Ville and Valkama, Mikko and Anttila, Lauri and Riihonen, Taneli and Korpi, Dani},
  journal={IEEE Trans. Wireless Commun.},
  volume={13},
  number={6},
  pages={2977--2990},
  year={2014},
  publisher={IEEE}
}

@ONLINE {imda_operation2019,
    author = {{Infocomm Media Development Authority, Singapore}},
    title  = "Operation of Unmanned Aircraft Systems (UAS)",
    note = {Accessed on 23-11-2019},
    url    = "https://www.imda.gov.sg/regulations-and-licensing-listing/spectrum-management-and-coordination/frequency-allocation-and-assignment/operation-of-unmanned-aircraft-systems-uas"
}

@ONLINE {imda_spectrum2019,
    author = {{Infocomm Media Development Authority, Singapore}},
    title  = "Spectrum Management Handbook",
    note = {Accessed on 23-11-2019},
    url    = "https://www.imda.gov.sg/-/media/imda/files/regulation-licensing-and-consultations/frameworks-and-policies/spectrum-management-and-coordination/spectrummgmthb.pdf?la=en"
}

@article{wang2018spectrum,
  title={{Spectrum sharing planning for full-duplex UAV relaying systems with underlaid D2D communications}},
  author={Wang, Haichao and Wang, Jinlong and Ding, Guoru and Chen, Jin and Li, Yuzhou and Han, Zhu},
  journal={IEEE J. Sel. Areas in Commun.},
  volume={36},
  number={9},
  pages={1986--1999},
  month={September},
  year={2018},
  publisher={IEEE}
}

@article{song2019joint,
  title={{Joint beamforming and power allocation for UAV-enabled full-duplex relay}},
  author={Song, Qingheng and Zheng, Fu-Chun and Zeng, Yong and Zhang, Jun},
  journal={IEEE Trans. Veh. Technol.},
  volume={68},
  number={2},
  pages={1657--1671},
  month={February},
  year={2019},
  publisher={IEEE}
}

@article{zhang2019framework,
  title={{A Framework for 5G Networks with In-Band Full-Duplex Enabled Drone-Mounted Base-Stations}},
  author={Zhang, Liang and Ansari, Nirwan},
  journal={IEEE Wireless Commun.},
  year={2019},
  volume={26},
  number={5},
  pages={121-127},
  publisher={IEEE}
}

@ONLINE {caas2019uas,
    author = {{Civil Aviation Authority of Singapore}},
    title  = "Unmanned Aircraft Systems",
    note = {Accessed on 23-11-2019},
    url    = "https://www.caas.gov.sg/public-passengers/unmanned-aircraft-systems"
}

@article{etkin2008gaussian,
  title={Gaussian interference channel capacity to within one bit},
  author={Etkin, Raul H and David, NC and Wang, Hua},
  journal={IEEE Trans. Inf. Theory},
  volume={54},
  number={12},
  pages={5534--5562},
  month={December},
  year={2008},
  publisher={IEEE}
}

@article{sirigina2016symbol,
  title={On the symbol error rate and diversity gain region of the relay-assisted z-channel},
  author={Sirigina, Rajendra Prasad and Madhukumar, AS},
  journal={IEEE Trans. Wireless Commun.},
  volume={15},
  number={3},
  pages={1965--1978},
  month={March},
  year={2016},
  publisher={IEEE}
}

@article{bidokhti2014non,
  title={Is non-unique decoding necessary?},
  author={Bidokhti, Shirin Saeedi and Prabhakaran, Vinod M},
  journal={IEEE Trans. Inf. Theory},
  volume={60},
  number={5},
  pages={2594--2610},
  month={May},
  year={2014},
  publisher={Ieee}
}

@article{kim2019off,
  title={On-off Switched Interference Alignment for Diversity Multiplexing Tradeoff Improvement in the 2-User X-Network with Two Antennas},
  author={Kim, Young-bin and Kang, Myung Gil and Choi, Wan},
  journal={IEEE Trans. Wireless Commun.},
  volume={18},
  number={1},
  pages={546--558},
  month={January},
  year={2019},
  publisher={IEEE}
}

@article{elkourdi2011femtocell,
  title={Femtocell as a relay: An outage analysis},
  author={Elkourdi, Tariq and Simeone, Osvaldo},
  journal={IEEE Trans. Wireless Commun.},
  volume={10},
  number={12},
  pages={4204--4213},
  month={December},
  year={2011},
  publisher={IEEE}
}

@article{wui2016outage,
  title={Outage Probability and Power Allocation for Collaborative Relaying of Multiple-Access Primary Users by Secondary User With Partial/Full Channel Knowledge},
  author={Wui, Jung-Hwa and Kim, Dongwoo},
  journal={IEEE Trans. Veh. Technol.},
  volume={65},
  number={11},
  pages={9098--9111},
  month={November},
  year={2016},
  publisher={IEEE}
}

@article{chu2018performance,
  title={Performance of a non-orthogonal multiple access system with full-duplex relaying},
  author={Chu, Thi My Chinh and Zepernick, Hans-J{\"u}rgen},
  journal={IEEE Commun. Lett.},
  volume={22},
  number={10},
  pages={2084--2087},
  month={October},
  year={2018},
  publisher={IEEE}
}

@article{kader2018full,
  title={Full-duplex non-orthogonal multiple access in cooperative relay sharing for 5G systems},
  author={Kader, Md Fazlul and Shin, Soo Young and Leung, Victor CM},
  journal={IEEE Trans. Veh. Technol.},
  volume={67},
  number={7},
  pages={5831--5840},
  month={July},
  year={2018},
  publisher={IEEE}
}

@article{hamdi2007useful,
  title={{A useful technique for interference analysis in Nakagami fading}},
  author={Hamdi, Khairi Ashour},
  journal={IEEE Trans. Commun.},
  volume={55},
  number={6},
  pages={1120--1124},
  month={June},
  year={2007},
  publisher={IEEE}
}

@article{hamdi2010useful,
  title={A useful lemma for capacity analysis of fading interference channels},
  author={Hamdi, Khairi Ashour},
  journal={IEEE Trans. Commun.},
  volume={58},
  number={2},
  pages={411--416},
  month={February},
  year={2010},
  publisher={IEEE}
}

@article{chun2017stochastic,
  title={A stochastic geometric analysis of device-to-device communications operating over generalized fading channels},
  author={Chun, Young Jin and Cotton, Simon L and Dhillon, Harpreet S and Ghrayeb, Ali and Hasna, Mazen O},
  journal={IEEE Trans. Wireless Commun.},
  volume={16},
  number={7},
  pages={4151--4165},
  month={July},
  year={2017},
  publisher={IEEE}
}

@article{tabassum2018coverage,
  title={Coverage and rate analysis for co-existing RF/VLC downlink cellular networks},
  author={Tabassum, Hina and Hossain, Ekram},
  journal={IEEE Trans. Wireless Commun.},
  volume={17},
  number={4},
  pages={2588--2601},
  month={April},
  year={2018},
  publisher={IEEE}
}

@article{shojaeifard2018full,
  title={Full-duplex cloud radio access network: Stochastic design and analysis},
  author={Shojaeifard, Arman and Wong, Kai-Kit and Yu, Wei and Zheng, Gan and Tang, Jie},
  journal={IEEE Trans. Wireless Commun.},
  volume={17},
  number={11},
  pages={7190--7207},
  month={November},
  year={2018},
  publisher={IEEE}
}

@article{yadav2018full,
  title={Full-duplex communications: performance in ultradense mm-Wave small-cell wireless networks},
  author={Yadav, Animesh and Tsiropoulos, Georgios I and Dobre, Octavia A},
  journal={IEEE Veh. Technol. Mag.},
  volume={13},
  number={2},
  pages={40--47},
  month={June},
  year={2018},
  publisher={IEEE}
}

@article{xiao2018uav,
  title={UAV relay in VANETs against smart jamming with reinforcement learning},
  author={Xiao, Liang and Lu, Xiaozhen and Xu, Dongjin and Tang, Yuliang and Wang, Lei and Zhuang, Weihua},
  journal={IEEE Trans. Veh. Technol.},
  volume={67},
  number={5},
  pages={4087--4097},
  month={May},
  year={2018},
  publisher={IEEE}
}

@article{xiao2018user,
  title={User-Centric View of Unmanned Aerial Vehicle Transmission Against Smart Attacks},
  author={Xiao, Liang and Xie, Caixia and Min, Minghui and Zhuang, Weihua},
  journal={IEEE Trans. Veh. Technol.},
  volume={67},
  number={4},
  pages={3420--3430},
  month={April},
  year={2018},
  publisher={IEEE}
}

@ONLINE {fcc2019online,
    author = {{Federal Communications Commission}},
    title  = {{FCC Online Table of Frequency Allocations}},
    note = {Accessed on 23-11-2019.},
    url    = "https://transition.fcc.gov/oet/spectrum/table/fcctable.pdf"
}

@ONLINE {imda2019chart_spectrum,
    author = {{Infocomm Media Development Authority, Singapore}},
    title  = {{Singapore Spectrum Allocation Chart}},
    note= {Accessed on 23-11-2019},
    url    = "https://www.imda.gov.sg/-/media/imda/files/regulation-licensing-and-consultations/frameworks-and-policies/spectrum-management-and-coordination/spectrumchart.pdf?la=en"
}

@article{gupta2015survey,
  title={{Survey of important issues in UAV communication networks}},
  author={Gupta, Lav and Jain, Raj and Vaszkun, Gabor},
  journal={IEEE Commun. Surveys Tut.},
  volume={18},
  number={2},
  pages={1123--1152},
  year={2015},
  publisher={IEEE}
}

@article{hayat2016survey,
  title={Survey on unmanned aerial vehicle networks for civil applications: A communications viewpoint},
  author={Hayat, Samira and Yanmaz, Ev{\c{s}}en and Muzaffar, Raheeb},
  journal={IEEE Commun. Surveys Tut.},
  volume={18},
  number={4},
  pages={2624--2661},
  year={2016},
  publisher={IEEE}
}

@article{liu2018space,
  title={{Space-air-ground integrated network: A survey}},
  author={Liu, Jiajia and Shi, Yongpeng and Fadlullah, Zubair Md and Kato, Nei},
  journal={IEEE Commun. Surveys Tut.},
  volume={20},
  number={4},
  pages={2714--2741},
  year={2018},
  publisher={IEEE}
}

@article{mozaffari2019tutorial,
  title={{A tutorial on UAVs for wireless networks: Applications, challenges, and open problems}},
  author={Mozaffari, Mohammad and Saad, Walid and Bennis, Mehdi and Nam, Young-Han and Debbah, M{\'e}rouane},
  journal={IEEE Commun. Surveys Tut.},
  year={2019},
  volume={21},
  number={3},
  pages={2334-2360},
  publisher={IEEE}
}

@article{cao2018airborne,
  title={Airborne communication networks: A survey},
  author={Cao, Xianbin and Yang, Peng and Alzenad, Mohamed and Xi, Xing and Wu, Dapeng and Yanikomeroglu, Halim},
  journal={IEEE J. Sel. Areas Commun.},
  volume={36},
  number={9},
  pages={1907--1926},
  year={2018},
  publisher={IEEE}
}

@article{li2018uav,
  title={{UAV communications for 5G and beyond: Recent advances and future trends}},
  author={Li, Bin and Fei, Zesong and Zhang, Yan},
  journal={IEEE Internet Things J.},
  month={April},
  year={2018},
  volume={6},
  number={2},
  pages={2241-2263},
  publisher={IEEE}
}

@article{fotouhi2019survey,
  title={{Survey on UAV cellular communications: Practical aspects, standardization advancements, regulation, and security challenges}},
  author={Fotouhi, Azade and Qiang, Haoran and Ding, Ming and Hassan, Mahbub and Giordano, Lorenzo Galati and Garcia-Rodriguez, Adrian and Yuan, Jinhong},
  journal={IEEE Commun. Surveys  Tut.},
  year={2019},
  publisher={IEEE}
}

@article{khuwaja2018survey,
  title={{A survey of channel modeling for UAV communications}},
  author={Khuwaja, Aziz Altaf and Chen, Yunfei and Zhao, Nan and Alouini, Mohamed-Slim and Dobbins, Paul},
  journal={IEEE Commun. Surveys  Tut.},
  volume={20},
  number={4},
  pages={2804--2821},
  year={2018},
  publisher={IEEE}
}

@article{khawaja2019survey,
  title={A survey of air-to-ground propagation channel modeling for unmanned aerial vehicles},
  author={Khawaja, Wahab and Guvenc, Ismail and Matolak, David W and Fiebig, Uwe-Carsten and Schneckenberger, Nicolas},
  journal={IEEE Commun. Surveys  Tut.},
  year={2019},
  volume={21},
  number={3},
  pages={2361-2391},
  publisher={IEEE}
}

@article{islam2017power,
  title={{Power-domain non-orthogonal multiple access (NOMA) in 5G systems: Potentials and challenges}},
  author={Islam, SM Riazul and Avazov, Nurilla and Dobre, Octavia A and Kwak, Kyung-Sup},
  journal={IEEE Commun. Surveys Tut.},
  volume={19},
  number={2},
  pages={721--742},
  year={2017},
  publisher={IEEE}
}

@article{dai2018survey,
  title={{A survey of non-orthogonal multiple access for 5G}},
  author={Dai, Linglong and Wang, Bichai and Ding, Zhiguo and Wang, Zhaocheng and Chen, Sheng and Hanzo, Lajos},
  journal={IEEE Communications Surveys \& Tutorials},
  volume={20},
  number={3},
  pages={2294--2323},
  year={2018},
  publisher={IEEE}
}

@article{razavi2011information,
  title={{Information theoretic analysis of LDS scheme}},
  author={Razavi, Razieh and Hoshyar, Reza and Imran, Muhammad Ali and Wang, Yi},
  journal={IEEE Commun. Lett.},
  volume={15},
  number={8},
  pages={798--800},
  year={2011},
  publisher={IEEE}
}

@inproceedings{al2014uplink,
  title={{Uplink non-orthogonal multiple access for 5G wireless networks}},
  author={Al-Imari, Mohammed and Xiao, Pei and Imran, Muhammad Ali and Tafazolli, Rahim},
  booktitle={Proc. 2014 11th Int. Symp. Wireless Commun. Syst. (ISWCS)},
  pages={781--785},
  year={Barcelona, Spain, 2014},
  organization={IEEE}
}

@inproceedings{hoshyar2010lds,
  title={{LDS-OFDM an efficient multiple access technique}},
  author={Hoshyar, Reza and Razavi, Razieh and Al-Imari, Mohammad},
  booktitle={Proc. 2010 IEEE 71st Veh. Technol. Conf. (VTC Spring)},
  pages={1--5},
  year={Taipei, Taiwan, 2010},
  organization={IEEE}
}

@article{du2016fast,
  title={{A fast convergence multiuser detection scheme for uplink SCMA systems}},
  author={Du, Yang and Dong, Binhong and Chen, Zhi and Fang, Jun and Wang, Xianjun},
  journal={IEEE Wireless Commun. Lett.},
  volume={5},
  number={4},
  pages={388--391},
  year={2016},
  publisher={IEEE}
}

@article{mu2015fixed,
  title={{A fixed low complexity message pass algorithm detector for up-link SCMA system}},
  author={Mu, Hang and Ma, Zheng and Alhaji, Mahamuda and Fan, Pingzhi and Chen, Dageng},
  journal={IEEE Wireless Commun. Lett.},
  volume={4},
  number={6},
  pages={585--588},
  year={2015},
  publisher={IEEE}
}

@article{salehi2019meta,
  title={{Meta Distribution of SIR in Large-Scale Uplink and Downlink NOMA Networks}},
  author={Salehi, Mohammad and Tabassum, Hina and Hossain, Ekram},
  journal={IEEE Trans. Commun.},
  year={2019},
  month={April},
  volume={67},
  number={4},
  pages={3009-3025},
  publisher={IEEE}
}

@article{cui2016novel,
  title={A novel power allocation scheme under outage constraints in NOMA systems},
  author={Cui, Jingjing and Ding, Zhiguo and Fan, Pingzhi},
  journal={IEEE Signal Process. Lett.},
  volume={23},
  number={9},
  pages={1226--1230},
  year={2016},
  month={September},
  publisher={IEEE}
}

@article{liu2018heterogeneous,
  title={{Heterogeneous networks with power-domain NOMA: coverage, throughput, and power allocation analysis}},
  author={Liu, Chun-Hung and Liang, Di-Chun},
  journal={IEEE Trans. Wireless Commun.},
  volume={17},
  number={5},
  pages={3524--3539},
  year={2018},
  month={May},
  publisher={IEEE}
}

@article{wang2017sir,
  title={{On the SIR meta distribution for Poisson networks with interference cancellation}},
  author={Wang, Yuanjie and Cui, Qimei and Haenggi, Martin and Tan, Zhenhui},
  journal={IEEE Wireless Commun. Lett.},
  volume={7},
  number={1},
  pages={26--29},
  year={2018},
  month={February},
  publisher={IEEE}
}

@article{kader2018coordinated,
  title={{Coordinated direct and relay transmission using uplink NOMA}},
  author={Kader, Md Fazlul and Shin, Soo Young},
  journal={IEEE Wireless Commun. Lett.},
  volume={7},
  number={3},
  pages={400--403},
  year={2018},
  month={June},
  publisher={IEEE}
}

@article{zhang2017downlink,
  title={Downlink and uplink non-orthogonal multiple access in a dense wireless network},
  author={Zhang, Zekun and Sun, Haijian and Hu, Rose Qingyang},
  journal={IEEE J. Sel. Areas Commun.},
  volume={35},
  number={12},
  pages={2771--2784},
  year={2017},
  month={December},
  publisher={IEEE}
}

@article{ding2016general,
  title={{A general MIMO framework for NOMA downlink and uplink transmission based on signal alignment}},
  author={Ding, Zhiguo and Schober, Robert and Poor, H Vincent},
  journal={IEEE Trans. Wireless Commun.},
  volume={15},
  number={6},
  pages={4438--4454},
  year={2016},
  month={June},
  publisher={IEEE}
}

@article{ding2016impact,
  title={{Impact of user pairing on 5G nonorthogonal multiple-access downlink transmissions}},
  author={Ding, Zhiguo and Fan, Pingzhi and Poor, H Vincent},
  journal={IEEE Trans. Veh. Technol.},
  volume={65},
  number={8},
  pages={6010--6023},
  year={2016},
  month={August},
  publisher={IEEE}
}

@article{liang2017user,
  title={{User pairing for downlink non-orthogonal multiple access networks using matching algorithm}},
  author={Liang, Wei and Ding, Zhiguo and Li, Yonghui and Song, Lingyang},
  journal={IEEE Trans. Commun.},
  volume={65},
  number={12},
  pages={5319--5332},
  year={2017},
  month={December},
  publisher={IEEE}
}

@inproceedings{challita2018deep,
  title={{Deep reinforcement learning for interference-aware path planning of cellular-connected UAVs}},
  author={Challita, Ursula and Saad, Walid and Bettstetter, Christian},
  booktitle={Proc. 2018 IEEE Int. Conf. Commun. (ICC)},
  pages={1--7},
  organization={IEEE}
}

@article{o2017introduction,
  title={An introduction to deep learning for the physical layer},
  author={O’Shea, Timothy and Hoydis, Jakob},
  journal={IEEE Trans. Cogn. Commun. Netw.},
  volume={3},
  number={4},
  pages={563--575},
  year={2017},
  month={December},
  publisher={IEEE}
}

@article{qin2019deep,
  title={{Deep learning in physical layer communications}},
  author={Qin, Zhijin and Ye, Hao and Li, Geoffrey Ye and Juang, Biing-Hwang Fred},
  journal={IEEE Wireless Commun.},
  year={2019},
  month={April},
  publisher={IEEE}
}

@article{xiao2017reinforcement,
  title={{Reinforcement learning-based NOMA power allocation in the presence of smart jamming}},
  author={Xiao, Liang and Li, Yanda and Dai, Canhuang and Dai, Huaiyu and Poor, H Vincent},
  journal={{IEEE Trans. Veh. Technol.}},
  volume={67},
  number={4},
  pages={3377--3389},
  year={2017},
  month={April},
  publisher={IEEE}
}

@article{kim2018deep,
  title={{Deep learning-aided SCMA}},
  author={Kim, Minhoe and Kim, Nam-I and Lee, Woongsup and Cho, Dong-Ho},
  journal={IEEE Commun. Lett.},
  volume={22},
  number={4},
  pages={720--723},
  year={2018},
  month={April},
  publisher={IEEE}
}

@article{elbir2019cnn,
  title={{CNN-based Precoder and Combiner Design in mmWave MIMO Systems}},
  author={Elbir, Ahmet M},
  journal={IEEE Commun. Lett.},
  year={2019},
  publisher={IEEE}
}

@ONLINE {warp2019,
    author = {{Rice Univ., Houston, TX, USA}},
    title  = {{WARP project}},
    note = {Accessed on 23-11-2019},
    url    = "http://warp.rice.edu"
}

@ONLINE {esg2019,
    author = {{Agilent Technologies}},
    title  = {{ E4438C ESG Vector Signal Generator}},
    note = {Accessed on 23-11-2019},
    url    = "https://literature.cdn.keysight.com/litweb/pdf/5988-4039EN.pdf"
}

@inproceedings{abdi2001simple,
  title={A simple alternative to the lognormal model of shadow fading in terrestrial and satellite channels},
  author={Abdi, Ali and Barger, H Allen and Kaveh, Mostafa},
  booktitle={Proc. IEEE 54th Veh. Technol. Conf. (VTC Fall)},
  volume={4},
  pages={2058--2062},
  year={Atlantic City, NJ, USA, 2001}
}

@article{nam2015joint,
  title={{Joint subcarrier assignment and power allocation in full-duplex OFDMA networks}},
  author={Nam, Changwon and Joo, Changhee and Bahk, Saewoong},
  journal={IEEE Trans. Wireless Commun.},
  volume={14},
  number={6},
  pages={3108--3119},
  month={June},
  year={2015},
  publisher={IEEE}
}

@article{di2016joint,
  title={{Joint user pairing, subchannel, and power allocation in full-duplex multi-user OFDMA networks}},
  author={Di, Boya and Bayat, Siavash and Song, Lingyang and Li, Yonghui and Han, Zhu},
  journal={IEEE Trans. Wireless Commun.},
  volume={15},
  number={12},
  pages={8260--8272},
  month={December},
  year={2016},
  publisher={IEEE}
}

@article{zhang2019max,
  title={{Max-min fairness user scheduling and power allocation in full-duplex OFDMA systems}},
  author={Zhang, Xiaozhou and Chang, Tsung-Hui and Liu, Ya-Feng and Shen, Chao and Zhu, Gang},
  journal={IEEE Trans. Wireless Commun.},
  year={2019},
  month={June},
  volume={18},
  number={6},
  pages={3078-3092},
  publisher={IEEE}
}

@article{wang2015exploiting,
  title={Exploiting full duplex for device-to-device communications in heterogeneous networks},
  author={Wang, Li and Tian, Fei and Svensson, Tommy and Feng, Daquan and Song, Mei and Li, Shaoqian},
  journal={IEEE Commun. Mag.},
  volume={53},
  number={5},
  pages={146--152},
  month={May},
  year={2015},
  publisher={IEEE}
}

@article{ju2014optimal,
  title={Optimal resource allocation in full-duplex wireless-powered communication network},
  author={Ju, Hyungsik and Zhang, Rui},
  journal={IEEE Trans. Commun.},
  volume={62},
  number={10},
  pages={3528--3540},
  month={October},
  year={2014},
  publisher={IEEE}
}

@article{kang2015full,
  title={Full-duplex wireless-powered communication network with energy causality},
  author={Kang, Xin and Ho, Chin Keong and Sun, Sumei},
  journal={IEEE Trans. Wireless Commun.},
  volume={14},
  number={10},
  pages={5539--5551},
  month={October},
  year={2015},
  publisher={IEEE}
}

@article{yang2019optimal,
  title={{Optimal resource allocation in full-duplex ambient backscatter communication networks for wireless-powered IoT}},
  author={Yang, Gang and Yuan, Dongdong and Liang, Ying-Chang and Zhang, Rui and Leung, Victor CM},
  journal={IEEE Internet Things J.},
  volume={6},
  number={2},
  pages={2612--2625},
  month={April},
  year={2019},
  publisher={IEEE}
}

@article{shao2014analysis,
  title={Analysis of carrier utilization in full-duplex cellular networks by dividing the co-channel interference region},
  author={Shao, Shihai and Liu, Donglin and Deng, Kai and Pan, Zhengang and Tang, Youxi},
  journal={IEEE Commun. Lett.},
  volume={18},
  number={6},
  pages={1043--1046},
  year={2014},
  publisher={IEEE}
}

@article{chen2015physical,
  title={Physical layer network security in the full-duplex relay system},
  author={Chen, Gaojie and Gong, Yu and Xiao, Pei and Chambers, Jonathon A},
  journal={IEEE Trans. Inf. Forensics Security},
  volume={10},
  number={3},
  pages={574--583},
  month={March},
  year={2015},
  publisher={IEEE}
}

@inproceedings{gao2014full,
  title={{Full-duplex cooperative transmission scheduling in fast-fading MIMO relaying wireless networks}},
  author={Gao, Qian and Chen, Gang and Liao, Linchao and Hua, Yingbo},
  booktitle={Proc. 2014 Int. Conf. Comput. Netw. Commun. (ICNC)},
  pages={771--775},
  year={Honolulu, HI, USA, 2014},
  organization={IEEE}
}

@article{cirik2018robust,
  title={{Robust transceiver design in full-duplex MIMO cognitive radios}},
  author={Cirik, Ali Cagatay and Biswas, Sudip and Taghizadeh, Omid and Ratnarajah, Tharmalingam},
  journal={IEEE Trans. Veh. Technol.},
  volume={67},
  number={2},
  pages={1313--1330},
  month={Feb.},
  year={2018},
  publisher={IEEE}
}

@article{lee2018uav,
  title={{UAV-Aided Secure Communications With Cooperative Jamming}},
  author={Lee, Hoon and Eom, Subin and Park, Junhee and Lee, Inkyu},
  journal={IEEE Trans. Veh. Technol.},
  month={October},
  year={2018},
  publisher={IEEE}
}

@book{simon2005digital,
  title={{Digital communication over fading channels}},
  author={Simon, Marvin K and Alouini, Mohamed-Slim},
  volume={95},
  year={NJ, USA, 2005},
  publisher={John Wiley \& Sons}
}

@TECHREPORT{itu2011m2233,
  author = "ITU",
  title  = "ITU-R Report M.2233, Examples of technical characteristics for unmanned aircraft control and nonpayload
communications links",
    year   = "2011",
    note = {Accessed on 23-11-2019},
    url    = "http://www.itu.int/pub/R-REP-M.2233-2011"
}

@incollection{gligorevic2011ldacs1,
  title={{The LDACS1 physical layer design}},
  author={Gligorevic, Snjezana and Epple, Ulrich and Schnell, Michael},
  booktitle={Future Aeronautical Communications},
  year={2011},
  publisher={InTech}
}

@TECHREPORT{caas2014manual,
    author = {{Civil Aviation Authority of Singapore}},
    title  = {{Manual of Standards - Air Traffic Services}},
    note = {Accessed on 23-11-2019},
    url = {https://www.caas.gov.sg/docs/default-source/pdf/manual_of_standards_air_traffic_services_v2-35403dfbb3903666590f0ff000087c682.pdf},
   year = {2014}
}

@article{ordonez2012array,
  title={{Array gain in the DMT framework for MIMO channels}},
  author={Ordonez, Luis G and Palomar, Daniel P and Fonollosa, Javier Rodr{\'\i}guez},
  journal={IEEE Trans. Inf. Theory},
  volume={58},
  number={7},
  pages={4577--4593},
  month={July},
  year={2012},
  publisher={IEEE}
}

@article{sharifi2016ldpc,
  title={{LDPC code design for the two-user Gaussian multiple access channel}},
  author={Sharifi, Shahrouz and Tanc, A Korhan and Duman, Tolga M},
  journal={IEEE Trans. Wireless Commun. },
  volume={15},
  number={4},
  pages={2833--2844},
  year={2016},
  publisher={IEEE}
}

@article{wei2018energy,
  title={Energy-efficient hybrid duplexing strategy for bidirectional distributed antenna systems},
  author={Wei, Zhongxiang and Sun, Sumei and Zhu, Xu and Huang, Yi and Wang, Jingjing},
  journal={IEEE Trans. Veh. Technol.},
  volume={67},
  number={6},
  pages={5096--5110},
  year={2018},
  publisher={IEEE}
}

@article{wang2018modeling,
  title={Modeling and Analysis of Aerial Base Station-Assisted Cellular Networks in Finite Areas Under LoS and NLoS Propagation},
  author={Wang, Xianling and Zhang, Haijun and Tian, Yue and Leung, Victor CM},
  journal={IEEE Trans. Wireless Commun.},
  volume={17},
  number={10},
  pages={6985--7000},
  month={October},
  year={2018},
  publisher={IEEE}
}

@TECHREPORT {tr362017,
    author = {{3GPP}},
    title  = {{TR36.77 Study on Enhanced LTE Support for Aerial Vehicles}},
    year   = {2017},
    note = {Accessed on 23-11-2019},
    url    = "https://portal.3gpp.org/desktopmodules/Specifications/SpecificationDetails.aspx?specificationId=3231"
}

@article{enayati2019moving,
  title={{Moving aerial base station networks: Stochastic geometry analysis and design perspective}},
  author={Enayati, S and Saeedi, H and Pishro-Nik, H and Yanikomeroglu, H},
  journal={IEEE Trans. Wireless Commun.},
  year={2019},
  volume={18},
  number={6},
  pages={2977-2988},
  publisher={IEEE}
}

@article{zeng2018cellularconnecteduav, 
author={Y. Zeng and J. Lyu and R. Zhang}, 
journal={IEEE Wireless Commun.}, 
title={Cellular-Connected UAV: Potential, Challenges and Promising Technologies}, 
year={2018},
volume={26},
number={1},
pages={120-127},
}

@article{wu2018common,
  title={{Common throughput maximization in UAV-enabled OFDMA systems with delay consideration}},
  author={Wu, Qingqing and Zhang, Rui},
  journal={IEEE Trans. Commun.},
  volume={66},
  number={12},
  pages={6614--6627},
  month={December},
  year={2018},
  publisher={IEEE}
}

@article{fawaz2018uav,
  title={{UAV-aided cooperation for FSO communication systems}},
  author={Fawaz, Wissam and Abou-Rjeily, Chadi and Assi, Chadi},
  journal={IEEE Commun. Mag.},
  volume={56},
  number={1},
  pages={70--75},
  year={2018},
  publisher={IEEE}
}

@article{hellaoui2018aerial,
  title={{Aerial Control System for Spectrum Efficiency in UAV-to-Cellular Communications}},
  author={Hellaoui, Hamed and Bekkouche, Oussama and Bagaa, Miloud and Taleb, Tarik},
  journal={IEEE Commun. Mag.},
  volume={56},
  number={10},
  pages={108--113},
  month={October},
  year={2018},
  publisher={IEEE}
}

@article{liu2019uav,
  title={{UAV communications based on non-orthogonal multiple access}},
  author={Liu, Yuanwei and Qin, Zhijin and Cai, Yunlong and Gao, Yue and Li, Geoffrey Ye and Nallanathan, Arumugam},
  journal={IEEE Wireless Commun.},
  volume={26},
  number={1},
  pages={52--57},
  year={2019},
  publisher={IEEE}
}

@article{yang2016general,
  title={{A general power allocation scheme to guarantee quality of service in downlink and uplink NOMA systems}},
  author={Yang, Zheng and Ding, Zhiguo and Fan, Pingzhi and Al-Dhahir, Naofal},
  journal={IEEE Trans. Wireless Commun.},
  volume={15},
  number={11},
  pages={7244--7257},
  month={November},
  year={2016},
  publisher={IEEE}
}

@article{moltafet2018optimal,
  title={{Optimal and fair energy efficient resource allocation for energy harvesting-enabled-PD-NOMA-based HetNets}},
  author={Moltafet, Mohammad and Azmi, Paeiz and Mokari, Nader and Javan, Mohammad Reza and Mokdad, Ali},
  journal={IEEE Trans. Wireless Commun.},
  volume={17},
  number={3},
  pages={2054--2067},
  month={March},
  year={2018},
  publisher={IEEE}
}

@article{ding2018coexistence,
  title={{On the coexistence between full-duplex and NOMA}},
  author={Ding, Zhiguo and Fan, Pingzhi and Poor, H Vincent},
  journal={IEEE Wireless Commun. Lett.},
  month={Oct.},
  volume={7},
  number={5},
  pages={692-695},
  year={2018},
  publisher={IEEE}
}

@article{liu2019dsf,
  title={{DSF-NOMA: UAV-assisted emergency communication technology in a heterogeneous Internet of Things}},
  author={Liu, Miao and Yang, Jie and Gui, Guan},
  journal={IEEE Internet Things J.},
  month={June},
  volume={6},
  number={3},
  pages={5508-5519},
  year={2019},
  publisher={IEEE}
}

@article{lei2018noma,
  title={NOMA aided interference management for full-duplex self-backhauling HetNets},
  author={Lei, Lei and Lagunas, Eva and Chatzinotas, Symeon and Ottersten, Bj{\"o}rn},
  journal={IEEE Commun. Lett.},
  volume={22},
  number={8},
  pages={1696--1699},
  month={August},
  year={2018},
  publisher={IEEE}
}

@article{sharma2016uavs,
  title={UAVs assisted delay optimization in heterogeneous wireless networks},
  author={Sharma, Vishal and Sabatini, Roberto and Ramasamy, Subramanian},
  journal={IEEE Commun. Lett.},
  volume={20},
  number={12},
  pages={2526--2529},
  month={December},
  year={2016},
  publisher={IEEE}
}

@article{zhang20183,
  title={3-D drone-base-station placement with in-band full-duplex communications},
  author={Zhang, Liang and Fan, Qiang and Ansari, Nirwan},
  journal={IEEE Commun. Lett.},
  volume={22},
  number={9},
  pages={1902--1905},
  month={September},
  year={2018},
  publisher={IEEE}
}

@article{zhang2018number,
  title={{On the number and 3-D placement of in-band full-duplex enabled drone-mounted base-stations}},
  author={Zhang, Liang and Ansari, Nirwan},
  journal={IEEE Wireless Commun. Lett.},
  volume={8},
  number={1},
  pages={221--224},
  month={February},
  year={2018},
  publisher={IEEE}
}

@article{im2019outage,
  title={Outage probability for cooperative NOMA systems with imperfect SIC in cognitive radio networks},
  author={Im, Gyeongrae and Lee, Jae Hong},
  journal={IEEE Commun. Lett.},
  volume={23},
  number={4},
  pages={692--695},
  month={April},
  year={2019},
  publisher={IEEE}
}

@article{hou2018multiple,
  title={{Multiple Antenna Aided NOMA in UAV Networks: A Stochastic Geometry Approach}},
  author={Hou, Tianwei and Liu, Yuanwei and Song, Zhengyu and Sun, Xin and Chen, Yue},
  journal={IEEE Trans. Commun.},
  year={2018},
  volume={67},
  number={2},
  pages={1031-1044},
  publisher={IEEE}
}

@article{zhao2019joint,
  title={{Joint Trajectory and Precoding Optimization for UAV-Assisted NOMA Networks}},
  author={Zhao, Nan and Pang, Xiaowei and Li, Zan and Chen, Yunfei and Li, Feng and Ding, Zhiguo and Alouini, Mohamed-Slim},
  journal={IEEE Trans. Commun.},
  month={May},
  year={2019},
  volume={67},
  number={5},
  pages={3723-3735},
  publisher={IEEE}
}

@article{mei2019uplink,
  title={{Uplink cooperative NOMA for cellular-connected UAV}},
  author={Mei, Weidong and Zhang, Rui},
  journal={IEEE J. Sel. Topics Signal Process.},
  month={June},
  volume={13},
  number={3},
  pages={644-656},
  year={2019},
  publisher={IEEE}
}

@article{nasir2019uav,
  title={{UAV-enabled communication using NOMA}},
  author={Nasir, Ali A and Tuan, Hoang D and Duong, Trung Q and Poor, H Vincent},
  journal={IEEE Trans. Commun.},
  year={2019},
  volume={67},
  number={7},
  pages={5126-5138},
  month = {July},
  publisher={IEEE}
}

@article{nguyen2018novel,
  title={{A novel cooperative NOMA for designing UAV-assisted wireless backhaul networks}},
  author={Nguyen, Tri Minh and Ajib, Wessam and Assi, Chadi},
  journal={IEEE J. Sel. Areas Commun.},
  volume={36},
  number={11},
  pages={2497--2507},
  month={November},
  year={2018},
  publisher={IEEE}
}

@article{hou2019exploiting,
  title={{Exploiting NOMA for UAV Communications in Large-Scale Cellular Networks}},
  author={Hou, Tianwei and Liu, Yuanwei and Song, Zhengyu and Sun, Xin and Chen, Yue},
  journal={IEEE Trans. Commun.},
  year={2019},
  volume={67},
  number={10},
  pages={6897-6911},
  month={October},
  publisher={IEEE}
}

@article{choi2013simultaneous,
  title={{Simultaneous transmission and reception: Algorithm, design and system level performance}},
  author={Choi, Yang-Seok and Shirani-Mehr, Hooman},
  journal={IEEE Trans. Wireless Commun.},
  volume={12},
  number={12},
  pages={5992--6010},
  montj={December},
  year={2013},
  publisher={IEEE}
}

@article{kim2015non,
  title={Non-orthogonal multiple access in coordinated direct and relay transmission},
  author={Kim, Jung-Bin and Lee, In-Ho},
  journal={IEEE Commun. Lett.},
  volume={19},
  number={11},
  pages={2037--2040},
  year={2015},
  month={November},
  publisher={IEEE}
}

@article{ding2018noma,
  title={NOMA assisted wireless caching: Strategies and performance analysis},
  author={Ding, Zhiguo and Fan, Pingzhi and Karagiannidis, George K and Schober, Robert and Poor, H Vincent},
  journal={IEEE Trans. Commun.},
  volume={66},
  number={10},
  pages={4854--4876},
  month={October},
  year={2018},
  publisher={IEEE}
}

@article{hou2018outage,
  title={Outage Performance for Non-Orthogonal Multiple Access With Fixed Power Allocation Over Nakagami-m Fading Channels},
  author={Hou, Tianwei and Sun, Xin and Song, Zhengyu},
  journal={IEEE Commun. Lett.},
  volume={22},
  number={4},
  pages={744--747},
   month={April},
  year={2018},
  publisher={IEEE}
}

@article{xia2018outage,
  title={{Outage Performance Analysis for the Advanced SIC Receiver in Wireless NOMA Systems}},
  author={Xia, Bin and Wang, Jinglun and Xiao, Kexin and Gao, Yichen and Yao, Yao and Ma, Shaodan},
  journal={IEEE Trans. Veh. Technol.},
  volume={67},
  number={7},
  pages={6711--6715},
  month = {July},
  year={2018},
  publisher={IEEE}
}

@inproceedings{tan2019downlink,
  title={{Downlink NOMA in Multi-UAV Networks over Bivariate Rician Shadowed Fading Channels}},
  author={Ernest, Tan Zheng Hui and Madhukumar, A. S. and Sirigina, Rajendra Prasad and Krishna, Anoop Kumar},
  booktitle={Proc. IEEE 90th Veh. Technol. Conf. (VTC-Fall)},
  year={Honolulu, HI, USA, 2019}
}

@inproceedings{jiang2010dynamic,
  title={Dynamic UAV relay positioning for the ground-to-air uplink},
  author={Jiang, Feng and Swindlehurst, A Lee},
  booktitle={2010 IEEE Globecom Workshops},
  pages={1766--1770},
  year={Miami, FL, USA, 2010},
  organization={IEEE}
}

@article{el2015mimo,
  title={{MIMO cognitive relay networks with correlated antennas over Rayleigh fading channels}},
  author={El-Malek, Ahmed H Abd and Al-Qahtani, Fawaz S and Duong, Trung Q and Zummo, Salam A and Alnuweiri, Hussein},
  journal={IEEE Trans. Veh. Technol.},
  volume={65},
  number={7},
  pages={5349--5363},
    month={July},
  year={2015},
  publisher={IEEE}
}

@article{o2011product,
  title={On the product of independent complex Gaussians},
  author={O'Donoughue, Nicholas and Moura, Jos{\'e} MF},
  journal={IEEE Trans. Ssignal Process.},
  volume={60},
  number={3},
  pages={1050--1063},
  month={March},
  year={2011},
  publisher={IEEE}
}

@article{zhan2011wireless,
  title={Wireless relay communications with unmanned aerial vehicles: Performance and optimization},
  author={Zhan, Pengcheng and Yu, Kai and Swindlehurst, A Lee},
  journal={IEEE Trans. Aerosp. Electron. Syst.},
  volume={47},
  number={3},
  pages={2068--2085},
  year={2011},
  publisher={IEEE}
}

@article{zhou2018underlay,
  title={Underlay Drone Cell for Temporary Events: Impact of Drone Height and Aerial Channel Environments},
  author={Zhou, Xiaohui and Durrani, Salman and Guo, Jing and Yanikomeroglu, Halim},
  journal={IEEE Internet Things J.},
  year={2018},
  publisher={IEEE}
}

@article{sharma2019coverage,
  title={Coverage Probability of 3-D Mobile UAV Networks},
  author={Sharma, Pankaj K and Kim, Dong In},
  journal={IEEE Wireless Commun. Lett.},
  volume={8},
  number={1},
  pages={97--100},
  month={February},
  year={2019},
  publisher={IEEE}
}

@article{abramowitz1964handbook,
  title={Handbook of Mathematical Functions with Formulas, Graphs, and Mathematical Tables (Applied Mathematics Series 55)},
  author={Abramowitz, Milton and Stegun, IA},
  journal={National Bureau of Standards, Washington, DC, USA},
  year={1964}
}

@article{castillo2018communication,
  title={{Communication Analysis Between an Airborne Mobile User and a Terrestrial Mobile Network}},
  author={Castillo, Rodrigo Alberto Justavino and Gr{\"u}nheid, Rainer and Bauch, Gerhard and Wolff, Florian and von der Heide, Stefan},
  journal={IEEE Trans. Veh. Technol.},
  volume={67},
  number={4},
  pages={3457--3465},
  month={April},
  year={2018},
  publisher={IEEE}
}

@article{bartoli2013aeromacs,
  title={AeroMACS: A new perspective for mobile airport communications and services},
  author={Bartoli, Giulio and Fantacci, Romano and Marabissi, Dania},
  journal={IEEE Wireless Commun.},
  volume={20},
  number={6},
  pages={44--50},
  month={December},
  year={2013},
  publisher={IEEE}
}

@article{zhang2017adaptive,
  title={Adaptive coding and modulation for large-scale antenna array-based aeronautical communications in the presence of co-channel interference},
  author={Zhang, Jiankang and Chen, Sheng and Maunder, Robert G and Zhang, Rong and Hanzo, Lajos},
  journal={IEEE Trans. Wireless Commun.},
  volume={17},
  number={2},
  pages={1343--1357},
  year={2017},
  publisher={IEEE}
}




























































































































































































































































































